2506 4610
157 269 208 377 u.
472 255 474 260 ’
560 262 852 370 nursam,
918 231 931 366 [
964 331 972 366 „

143 474 293 552 'urorum
315 456 543 558 naturalium
556 461 747 558 jmuterier'
769 481 959 552 summam
981 465 1153 530 nonnam
1171 483 1215 528 es·

166 588 210 654 se
239 561 433 654 neutram,
450 565 600 658 sormoe
629 587 731 634 vero¹
747 558 1079 660 proporrendarum
1114 562 1216 630 ratio·

161 660 362 760 ‚nem,a).·
398 656 590 738 Nescimus
613 663 730 762 igitur
754 689 826 762 quo
860 677 969 758 pacto
1003 663 1042 732 in
1078 659 1214 734 dubium

53 811 55 826 ·
169 763 296 836 vocari
311 765 427 862 possit
449 767 489 838 in
509 765 755 864 singularibus
777 762 1015 838 observandis
1038 763 1215 834 uniceeur·

165 865 300 964 pirice,
328 865 369 938 in
391 865 461 938 hac
487 867 661 940 methodo
702 867 863 961 inventis
896 864 1115 936 ordinandis
1148 863 1216 962 plri-

119 1031 125 1054 ,Α
171 965 361 1066 losophice
381 970 613 1066 potissimum
633 993 708 1042 csse
724 965 1048 1068 progrediendum.
1074 967 1118 1038 In
1133 966 1215 1064 prin·

98 1155 101 1173 Ι
168 1069 285 1174 cipio,
309 1095 329 1142 e
354 1095 426 1169 quo
449 1085 490 1144 ut
512 1073 614 1144 rami
642 1097 661 1144 e
686 1085 816 1144 trunco
842 1069 995 1142 scientia
1021 1069 1214 1166 explicatur,

166 1171 317 1262 summa
343 1173 392 1246 sit
415 1175 629 1258 necessitaS,
654 1173 695 1246 in
726 1169 975 1270 singularibus
1010 1187 1139 1242 natura
1164 1168 1213 1240 du·

172 1273 383 1350 ce'snmma
420 1274 583 1376 libertas,
615 1289 793 1374 quatenus
829 1272 1130 1356 illudforrnam,
1162 1270 1213 1342 hoc

172 1376 364 1450 materiem
385 1379 555 1476 respicit3
578 1378 723 1450 inversa
746 1389 800 1448 est
829 1377 921 1448 ratio
946 1375 1146 1448 conditoris
1163 1371 1211 1444 sci-

169 1475 294 1574 entiae.
347 1479 565 1578 Mysterium
580 1493 645 1563 est,
665 1479 805 1577 optime
828 1477 1105 1574 demonstrant-e
1118 1479 1171 1550 W
1168 1473 1210 1544 ol

174 1581 374 1678 Ienbcrgio
401 1577 465 1678 (in
489 1581 580 1653 Suea
605 1580 694 1678 V.),
728 1581 881 1663 discere,
906 1607 1097 1677 quousque
1130 1589 1213 1650 natu·

166 1708 263 1770 ,ram
290 1685 397 1780 sequi
423 1686 635 1782 possumus,
661 1688 888 1780 quandoque
917 1711 985 1763 ars
1021 1680 1213 1755 srcbuerriut.

168 1782 322 1882 „Species
355 1785 460 1856 unice
496 1781 536 1856 &
572 1787 748 1884 proximae
783 1786 959 1856 sectiones
992 1809 1037 1856 ex
1074 1781 1214 1856 maxima

170 1897 282 1989 parte
308 1899 394 1961 sunt
419 1899 569 1988 naturae,
597 1887 637 1958 in
658 1885 881 1960 sectionibus
898 1885 1148 1984 superioribus
1173 1900 1213 1950 ars

178 1989 253 2091 jum
275 1985 458 2074 subvenit,
483 1990 521 2062 in
551 1989 758 2088 Systemate
793 1987 997 2087 prepollet,
1026 2015 1102 2060 nou
1134 2006 1214 2062 vero,

146 2171 147 2174 Ἴ
178 2089 381 2188 interprete
393 2090 547 2174 Bacone,
567 2117 781 2164 aranearum
801 2089 865 2163 scd
891 2091 1015 2188 apium
1046 2090 1106 2188 3).
1146 2085 1214 2174 Quae

175 2189 218 2262 in
243 2191 365 2289 specie
382 2192 429 2264 ad
452 2195 760 2267 constructionem
772 2192 1042 2290 Lichenologiae
1060 2195 1213 2292 spectant
1244 2195 1245 2252 ἶ

176 2295 203 2364 a'
236 2316 347 2394 supra
380 2298 452 2402 j'arn
493 2297 666 2394 expositis
703 2295 811 2370 facile
851 2295 1098 2379 deducuntur,
1135 2315 1163 2390 v,
1192 2309 1213 2356 ⁰·

176 2375 337 2468 lhallum
363 2397 548 2495 praecipue
574 2397 613 2468 in
640 2397 828 2495 speciebus
846 2397 1128 2496 distinguendis,
1151 2413 1214 2462 cau·

177 2507 215 2569 te
241 2493 449 2572 &occulte
482 2499 522 2572 iu
548 2497 762 2598 generibus,
792 2501 1006 2608 neutiquam
1042 2500 1083 2573 in
1114 2497 1214 2596 Syrte·

178 2633 453 2655 m

218 2701 252 2775 9)
276 2697 394 2778 Logica
415 2698 455 2760 ad
478 2701 683 2764 scientiarum
714 2703 880 2764 materiem
912 2701 1131 2764 inveniendam
1158 2696 1212 2755 inu·

176 2781 256 2859 tilia,
285 2781 318 2840 ln
351 2784 488 2846 inventis
517 2784 698 2846 ordinandis
728 2789 891 2870 primaria.
936 2787 1002 2848 Hac
1040 2773 1212 2864 simplicissi-

175 2864 400 2938 nrarestitnta
430 2869 565 2929 veritate
598 2889 699 2929 novus
727 2891 764 2931 ex
790 2871 917 2932 Linnaeo
941 2857 1210 2932 nascebaturordv·

176 2945 322 3036 systema
352 2942 386 3010 ἃ
407 2971 619 3034 quaecumque
643 2953 811 3036 disciplina
834 2975 852 3012 a
867 2955 985 3034 regulis
1006 2952 1132 3031 logicis,
1151 2943 1177 3003 h·
1194 2955 1211 2994 t·
1232 2988 1239 3007 .

175 3031 391 3123 perceptionis
418 3035 584 3114 humane,
607 3035 757 3100 aberrans
776 3037 867 3101 nullo
890 3037 985 3100 modo
1006 3039 1071 3104 rite
1092 3037 1213 3092 constru-

177 3123 230 3174 cta
256 3135 321 3175 esse
341 3127 454 3198 potest.
987 3138 988 3146 ¹

197 3217 256 3291 ⁵3)
278 3215 451 3280 Benevolos
474 3217 548 3282 illus
570 3224 656 3287 nisus
687 3235 836 3287 naturam
860 3222 881 3284 l.
911 3231 1011 3281 artem
1044 3219 1135 3279 unice
1160 3223 1212 3268 tm·

168 3295 552 3380 plectendilrustraneos
582 3328 646 3370 esse
665 3309 759 3370 facile
787 3308 1033 3368 demonstratur.
1078 3300 1134 3362 Ob‘
1154 3293 1212 3354 ΜΓ·

176 3383 317 3442 moniam
350 3403 426 3446 vero
451 3397 572 3449 nature
600 3391 640 3452 ed
673 3413 705 3453 se
734 3393 868 3452 invicem
895 3397 1090 3472 properautt
1122 3385 1214 3443 neutra

177 3464 331 3543 tollenda,
350 3469 523 3551 conjuncte
542 3471 659 3536 valent.
702 3473 839 3536 Scientia
869 3476 936 3534 sine
964 3468 1130 3554 principiis
1153 3475 1212 3550 conf

175 3550 258 3608 strui
282 3553 415 3632 nequit;
438 3558 622 3636 oppositum
638 3560 670 3620 si
694 3561 767 3641 quis
793 3556 1007 3630 contenderet,
1033 3557 1098 3636 ipse
1126 3555 1213 3626 seqtss·

175 3639 232 3694 t'ur
251 3639 357 3697 tumen
382 3642 519 3712 occulta,
539 3641 600 3721 ipsi
623 3663 684 3704 non
706 3643 806 3720 clera,
827 3643 904 3706 lriuc
925 3639 1019 3700 facite
1040 3655 1126 3716 vage.
1163 3623 1211 3686 lla·

173 3721 261 3792 tura,
286 3721 464 3784 constantia
496 3717 529 3786 Gt
562 3728 683 3788 ratione
712 3723 943 3810 prosequenda,
972 3731 1018 3792 est
1049 3695 1212 3782 varium&

174 3799 344 3890 mutabile,
366 3800 538 3890 Penelopes
563 3809 663 3870 instar
690 3814 840 3872 continue
873 3819 981 3868 texens
1005 3803 1039 3868 ἃ
1071 3799 1212 3866 retexerat

173 3898 288 3978 procos
307 3906 380 3948 suos
397 3889 547 3954 credulos
568 3896 720 3975 ambigua
742 3894 870 3956 deludit
890 3912 944 3974 spe
965 3890 1064 3971 donec
1076 3885 1152 3948 ratio
1170 3887 1212 3960 οῖ’,

172 3967 375 4122 affiatu,
404 3970 559 4062 Minerva
586 3979 687 4053 instar
724 3977 923 4044 cechiounter
945 3976 1105 4062 principor
1124 3961 1212 4042 U¹l⁵⁵¹

247 4071 283 4116 t*
