2546 4610
115 130 118 136 “
228 128 234 151 Ι

24 161 29 206 r

126 237 262 323 axn
418 227 423 239 '
473 173 501 276 5·
527 235 539 258 ⁴·
561 213 847 314 annoan.·=

102 431 105 436 ’
138 415 303 510 iirosum
331 423 403 528 (ad
429 423 648 502 animalium
680 410 798 526 magis
831 405 1118 530 accedentemJl
1149 419 1218 504 eo·⁸

141 523 299 633 rumq'ue
324 531 498 604 chemicae
524 529 720 630 qualitates
747 530 863 626 magis
879 529 954 600 fere
977 533 1209 619 animalium,

141 664 260 738 quam,
279 633 491 706 herbarum.
543 631 805 705 Deficientibus
824 633 994 732 gonidiis,
1010 662 1083 735 „sen
1109 661 1213 734 gem-

145 739 269 823 mulis,
288 763 308 809 e
338 735 420 809 velo
437 735 616 835 primario
633 735 784 832 egressis
802 733 904 808 nulla
917 739 1117 810 successiva
1140 737 1210 834 12)

73 877 77 891 ι
146 837 311 950 partium
341 837 514 912 evolutio.
564 835 640 910 Has
674 861 800 909 omnes
836 835 1102 940 discrepantias
1129 865 1217 938 per-

145 943 260 1041 sequi,
283 941 354 1015 hoc
379 939 460 1012 loco
488 939 599 1012 nimis
624 937 731 1038 longe
755 937 962 1028 deduceret,
988 967 1100 1040 quare
1125 939 1215 1011 suh-

79 1111 86 1125 ,
147 1041 317 1142 sistamus
344 1043 384 1114 in
409 1043 472 1125 iis,
493 1065 574 1140 quae
596 1040 811 1139 Fungorurn
836 1037 1080 1141 &Algarum'
1107 1040 1217 1114 diffe-

145 1149 285 1222 rentias
320 1145 550 1217 confirmant.
603 1144 748 1240 Algoe',
773 1140 932 1240 gonidiis
960 1171 987 1216 s.
1008 1143 1214 1242 ¹gemmulis

145 1247 419 1348 reproductivis
440 1248 642 1325 instructae,
655 1247 855 1316 successive
867 1245 1110 1344 explicantur,
1140 1267 1212 1316 nu-

146 1347 341 1428 tritionem
375 1373 400 1421 a
419 1349 587 1445 cingente
620 1347 745 1418 medio
771 1345 967 1420 absorbent
1001 1346 1041 1419 ἃ
1061 1339 1214 1448 *proepa-

144 1465 232 1527 r‘ant
259 1449 353 1535 &c.;
383 1449 472 1522 hinc
506 1451 627 1520 minus
664 1475 683 1521 a
712 1447 791 1519 loco
827 1449 989 1546 pendent
1015 1447 1055 1521 ὅ(
1082 1451 1215 1548 praeci-

128 1566 220 1638 fue
248 1549 408 1641 saxis&
434 1551 535 1635 locis,
570 1543 659 1648 quos
692 1549 809 1646 Fungi
844 1554 1000 1650 fugiunt,
1036 1551 1213 1623 insident.

50 1651 54 1662 “
146 1582 242 1729 Eunt
268 1655 338 1726 hoc
361 1667 529 1752 respectu
555 1677 631 1724 non
656 1675 740 1725 vere
766 1657 946 1749 parasitis.
1000 1653 1092 1726 lnde
1122 1679 1214 1752 qno-

97 1805 103 1827 ,
146 1765 217 1858 que
253 1755 390 1856 pendet
421 1755 633 1853 Fungorum
672 1753 851 1832 normalis
890 1757 1103 1855 propagatio
1144 1781 1212 1856 per

146 1860 311 1960 sporidia
352 1857 437 1957 13);
468 1858 645 1955 Algarum
676 1856 904 1954 frequentior
932 1855 971 1931 &
996 1859 1038 1931 in
1072 1858 1211 1930 infimis

146 1963 255 2034 unica
282 1985 347 2060 per
375 1959 533 2059 gonidia.
668 1953 670 1965 ’
1064 1967 1069 1980 “
1153 1979 1155 1994 “

252 2061 286 2164 §.
316 2063 350 2136 3.
403 2064 451 2168 pt
474 2060 532 2132 hac
561 2060 817 2160 discrepantiae
844 2087 917 2132 non
949 2061 1044 2134 inter‘
1072 2063 1213 2136 Hemo-

146 2189 296 2240 nemeas
322 2165 573 2249 continentur,
607 2188 678 2260 quo
696 2162 804 2250 ¹facto
837 2163 982 2260 Fungos
1014 2161 1214 2263 e-Veg'eta·

146 2265 284 2340 billum
312 2292 420 2337 censu
442 2265 564 2338 forsan
584 2263 807 2343 excluderes,
825 2265 1015 2337 sedetiam
1042 2267 1088 2338 ad
1113 2293 1216 2339 sum-

147 2395 228 2444 mas
260 2366 533 2464 Vegetabiliurn
580 2367 788 2464 provincias
837 2369 1093 2440 extenduntur.
1159 2369 1214 2442 Ut

145 2495 259 2572 supra
298 2471 419 2542 allatae
455 2468 666 2567 Fungorum
702 2465 743 2540 &
778 2467 954 2566 Algarur'u
994 2469 1214 2542 differentiae

146 2574 282 2648 clarius
314 2571 532 2644 illucescant
568 2571 693 2667 reique
719 2571 793 2669 ipsi
822 2575 936 2672 major
961 2572 1116 2643 attentio
1138 2573 1215 2644 'tri-

145 2673 293 2759 buatur,
318 2673 464 2772 plantas
487 2671 733 2772 perfectiores,
759 2673 857 2746 inter
887 2696 977 2770 quas
1003 2697 1129 2746 omnes
1154 2687 1214 2748 ra*

143 2813 419 2836 ’.ι-ῆι..-

192 2880 245 2954 12)
267 2873 361 2934 Haud
380 2874 498 2954 obstat,
521 2873 608 2959 qnod
634 2873 796 2956 Myeologi
812 2874 910 2953 vulgo
931 2875 1095 2956 singulum
1118 2875 1215 2938 Fun·

146 2979 235 3042 gum,
259 2968 297 3018 ut
326 2959 470 3020 Botanici
498 2959 595 3038 vulgo
617 2953 851 3039 Moootropas
872 2955 933 3020 &c
950 2981 987 3020 ex
1009 2961 1117 3020 eadem
1141 2961 1213 3022 husi

146 3054 246 3120 ortas,
265 3042 340 3104 licet
362 3042 471 3124 plures
492 3063 549 3124 per
570 3041 739 3102 intervalla
762 3041 846 3100 idem
860 3044 1032 3124 mycelinm
1056 3048 1213 3126 enitatur,

146 3148 208 3212 pro
226 3124 394 3186 individuo
422 3125 540 3186 habere
561 3127 675 3202 solent,
698 3144 772 3184 cum
806 3145 886 3208 saepe
919 3126 1055 3206 mycelio
1081 3149 1215 3188 evanes-

146 3219 236 3272 cente
257 3207 390 3270 divulsae
411 3231 430 3270 a
454 3229 486 3269 se
509 3210 644 3268 invicem
666 3218 821 3288 vegetent.
873 3210 959 3270 Inter
983 3211 1215 3290 Myxogastres,

171 3295 205 3354 ui
228 3303 370 3355 ceterum
391 3295 590 3372 vegetatione
611 3314 629 3352 a
650 3291 783 3374 reliquis
806 3292 911 3370 fungis
929 3295 1041 3353 eximie
1056 3293 1215 3354 differunt

145 3383 157 3460 (
185 3377 224 3436 fr.
247 3375 329 3456 Syst.
351 3377 434 3456 Myc.
458 3377 524 3452 llL,
550 3374 606 3436 ubi
631 3345 712 3435 franc
744 3395 830 3458 paene
856 3379 997 3456 ignotam
1031 3381 1216 3456 vegetatio-

145 3480 219 3522 nem
243 3461 457 3540 exposuimus)
478 3460 558 3520 silva
584 3458 837 3534 individuorum,
860 3461 943 3518 inter
966 3481 998 3520 se
1022 3459 1115 3520 haud.
1131 3481 1216 3520 con-

144 3563 311 3620 nexarum,
340 3547 420 3625 saepe
448 3561 486 3604 ex
509 3545 603 3603 unica
628 3551 729 3602 matre
749 3563 773 3604 s.
795 3541 939 3626 placenta
952 3545 1060 3623 fugaci
1083 3553 1152 3604 orta
1174 3539 1215 3605 dt

143 3629 283 3688 formata
304 3635 359 3686 est.

188 3715 240 3788 13)
263 3705 378 3770 Varios
403 3701 518 3789 ftfngos
532 3709 716 3792 epiphyllos
737 3729 766 3769 v.
780 3729 806 3769 c.
816 3705 1042 3792 Rhytismata
1056 3705 1117 3771 &o
1132 3731 1213 3772 ver-

144 3815 187 3856 no
209 3796 335 3855 demum
360 3803 505 3874 tempore
527 3795 722 3860 fructificare
751 3787 785 3854 ἃ
813 3793 954 3874 sporidia
984 3797 1114 3856 clastica
1147 3797 1214 3878 eji-

143 3897 235 3954 cere,
276 3881 394 3962 cuique
423 3878 593 3958 Mycologo
624 3878 684 3958 jam
720 3879 884 3958 cognitum
913 3889 968 3940 est.
1025 3878 1213 3940 Cavendum

142 3981 184 4022 ne
209 3981 268 4038 res,
289 3981 361 4045 quae
383 3981 481 4026 manu
500 3959 569 4024 fere
592 3960 748 4046 prehendi
768 3970 910 4044 possunt,
930 3963 964 4028 in
985 3961 1126 4024 dubium
1147 3983 1214 4024 vo·-

32 4071 49 4094 .
141 4065 261 4110 mmm·
1070 4058 1072 4066 i
