2462 4598
180 273 252 343 Μ
411 265 418 272 “
606 211 825 324 misma.

185 435 307 499 directo
337 451 357 492 a
377 448 429 490 me
457 426 569 511 sepius
599 427 767 490 observato
797 432 943 492 transita.
989 432 1040 494 Ob
1065 433 1197 514 'apothecis

184 517 447 600 symphycarpea,
463 511 573 594 scyphi
594 513 808 572 evolutionem
830 525 865 574 ut
887 517 918 574 in
945 516 1196 577 omnibusvidirnns

185 601 427 749 {upllrimeifib
426 597 582 740 '·1P1;'detia
605 595 778 736 eylipdpjca
797 597 957 744 evadne&
992 600 1062 742 Haec¹
1079 601 1198 662 limitibus

185 707 295 855 pglflmae
311 702 472 848 {biberitis
492 700 670 835 tvlgrrvuaggp
681 700 919 843 gebribllseislbmbt
943 693 1200 850 sqrialrbbbbffabtbl

183 871 270 913 mnes
293 851 402 908 forme
423 845 692 926 symphycarpete‚
728 848 817 926 quasi
839 850 886 908 vis
915 855 1082 932 expansiva
1108 851 1200 933 scyphis

183 933 363 995 'obliteratis
391 929 543 1014 impedita
564 931 631 1010 ipsa
652 927 780 1009 podetia
809 930 960 1009 finderet,
997 933 1090 995 facile
1115 937 1201 995 cariosa

182 1016 341 1091 evadunt,
371 1015 484 1095 quoin
509 1021 594 1071 statu
621 1021 707 1071 certe
732 1007 829 1075 clad.
857 1012 1003 1075 cariosoe
1028 1013 1202 1094 (acation

103 1155 110 1172 ,
182 1103 250 1183 ipsa
271 1097 340 1160 Acln
369 1096 515 1157 absolute
535 1105 580 1155 est
599 1095 751 1174 analogus
774 1107 874 1156 status
905 1091 1001 1159 clad.
1025 1095 1201 1183 degeneran-

185 1183 242 1259 tia)
261 1179 467 1244 adnumerata
488 1187 570 1254 sunt,
596 1188 631 1237 ut
657 1172 705 1238 CL
728 1178 900 1240 camenam
916 1181 951 1264 β.
973 1181 1025 1244 Fl.
1049 1183 1203 1260 Monogr.p

179 1275 222 1340 15
242 1267 307 1328 huc
326 1265 447 1328 referre
474 1283 533 1322 non
552 1261 746 1339 dubitemus,
765 1265 924 1348 precipue
942 1284 1015 1325 cum
1027 1264 1124 1328 Lich„
1135 1262 1202 1326 Sues

181 1345 250 1416 exe.
276 1369 308 1410 n.
328 1357 379 1418 81.
399 1345 464 1406 buc
488 1345 622 1420 reserat,
646 1365 717 1426 quas·
744 1344 842 1429 hujus
871 1349 981 1410 forma
1009 1351 1154 1412 ultimum
1170 1367 1204 1407 er·

179 1437 318 1496 tremum
343 1425 509 1492 exhibet!!
532 1461 573 1474 —
602 1425 782 1510 Synonyma
802 1427 917 1490 barum
940 1432 1118 1495 sarmarum
1145 1449 1203 1512 sym·

178 1518 433 1604 phyearpearum
462 1511 604 1596 plurima
638 1531 711 1571 cum
733 1512 873 1592 analogis
898 1509 942 1574 V
935 1511 1008 1576 aiil.
1029 1537 1108 1601 par.
1130 1523 1150 1577 t.
1171 1523 1204 1583 lt.

172 1598 210 1690 f.
234 1612 285 1676 10.
312 1597 519 1660 referentium
540 1617 570 1655 v.
600 1616 626 1656 c.
671 1589 719 1656 Οἱ.
738 1591 898 1676 gracilis,
924 1597 1039 1661 formis
1060 1601 1206 1661 communis

178 1681 270 1749 sunt:
292 1706 322 1744 v.
347 1701 374 1740 c.
397 1675 486 1742 Ditt
508 1664 623 1740 Maec.
647 1684 671 1742 t.
687 1682 736 1748 14.
774 1689 835 1750 .2.
855 1675 990 1741 Lichan
1014 1674 1204 1777 agarierfor·

178 1761 256 1834 iniis.
278 1765 386 1842 Wutf.
419 1765 451 1822 in
481 1762 568 1842 Jacq.
595 1761 675 1822 coll.
700 1763 713 1822 l
748 1773 800 1824 .t.
823 1770 854 1832 7.
874 1763 898 1822 f.
917 1772 949 1832 3.
989 1761 1127 1828 waen
1144 1784 1206 1849 sym·

173 1851 311 1938 pbyear
336 1867 395 1908 oete
417 1843 520 1921 Ehrb.
546 1841 586 1908 &⁸
599 1845 692 1908 Auet.
717 1840 966 1908 Tebercntaria
977 1841 1094 1930 fusca
1122 1847 1204 1910 flotin

178 1957 225 2014 en.
246 1869 336 1996 Πίος.
355 1941 379 1992 t.
403 1938 434 2000 8.
460 1930 526 2000 M„
559 1923 727 1991 Cladenia
739 1923 851 2011 filsea
872 1927 979 2011 Ejusd.
1007 1931 1119 1994 Germ.
1133 1928 1207 1994 Bae

177 2019 213 2082 m
236 2037 290 2080 ces
313 2009 516 2097 coeepititins
547 2011 633 2073 Pers.
665 2005 867 2096 Boeomyces
895 2014 929 2072 et
955 2009 1140 2102 Cenomyee
1156 2015 1207 2074 An.

208 2095 455 2183 apiculariaet
477 2091 655 2158 Cladonia.
683 2095 801 2156 Fliirle
829 2095 900 2156 Cen.
933 2095 1127 2160 Hoffmanni.
1146 2088 1209 2178 Des.

176 2181 281 2260 Rern,
303 2200 391 2264 quas,
414 2181 446 2238 in
465 2190 580 2239 natura
603 2179 678 2239 licet
699 2179 793 2240 facile
813 2179 1046 2258 discernendas,
1069 2183 1224 2265 dispesrere

26 2299 48 2328 a
117 2304 145 2345 ¹,
176 2265 278 2344 riolui,
300 2279 381 2332 cum'
399 2262 553 2324 Auctores
581 2263 641 2345 ipsi
668 2261 757 2322 haud
779 2260 980 2323 distinxerint
1005 2265 1130 2327 formas
1146 2286 1162 2324 a
1177 2263 1208 2322 di·

177 2373 266 2432 persa
288 2358 393 2407 matre
413 2357 508 2410 ortas.
537 2379 576 2390 --
605 2347 752 2428 Denique
771 2347 811 2406 ad
839 2345 921 2406 hanc
949 2352 1089 2428 speeiem
1112 2366 1209 2432 qunque

174 2436 334 2520 pertinent
353 2431 524 2512 specimina
553 2439 688 2492 cornuta
710 2431 851 2506 sterilia,
883 2426 996 2490 babitu
1022 2425 1059 2492 ἃ
1082 2431 1208 2494 remilin-

174 2523 261 2581 tione
287 2513 469 2592 irregulari,
494 2513 550 2573 ubi
571 2534 633 2574 non
656 2523 693 2573 ut
713 2513 811 2594 vulgo
839 2513 996 2594 simplicia
1014 2527 1114 2596 sunt,
1142 2537 1208 2599 prer-

173 2591 321 2676 succum
348 2593 396 2658 Οἱ.
418 2593 623 2682 οανηεοίαγ
650 2597 799 2677 analoga,
821 2617 891 2681 quae
922 2597 948 2656 si
976 2617 995 2658 a
1027 2595 1080 2661 Οἱ.
1106 2597 1207 2662 cliton

199 2683 278 2746 boea
298 2683 348 2748 rt.
372 2683 523 2740 oriuntur
545 2681 729 2741 furfuracea
758 2691 851 2754 sunt;
894 2701 913 2740 a
943 2681 1063 2743 formis
1096 2706 1166 2746 vero
1190 2704 1209 2742 c·

169 2705 313 2846 seiugatis
336 2764 596 2846 symphycarpeis
634 2763 794 2847 producta,
824 2756 988 2846 squamosa
1030 2767 1225 2838 decorticata,¹

173 2849 281 2933 qualia
309 2852 342 2913 in
369 2847 447 2907 Lich
479 2846 568 2908 Suee.
595 2869 623 2908 n.
646 2857 684 2915 81
718 2861 847 2928 quoqne
879 2847 1007 2907 tradidi.
1059 2851 1152 2912 Tales
1176 2861 1225 2910 re

173 2937 239 3010 fert
259 2927 370 2992 Miclt.
391 2949 473 3012 gen.
489 2938 511 2990 t.
532 2934 589 3008 40.Ι
608 2927 656 2991 D.
678 2924 744 2990 Hac
764 2932 886 2991 ratione
909 2924 1004 2990 Clad.
1022 2931 1210 3018 pyxidatam

172 3015 213 3093 ad
235 3014 363 3082 ultimas
390 3012 604 3074 aberrationes
626 3033 825 3097 persequens,
847 3035 910 3074 non
932 3033 1062 3095 possum
1086 3011 1225 3080 nonaClt

170 3095 307 3184 gracili
327 3090 360 3156 ἃ
385 3087 575 3180 fimbriata
597 3098 824 3177 distingueres
844 3098 982 3177 analogae
1015 3098 1138 3160 barum
1162 3099 1225 3162 sor?

172 3202 230 3260 mae
262 3201 383 3261 semper
411 3181 585 3260 specificam
620 3183 834 3242 differentiam
863 3184 960 3262 magis
992 3185 1212 3258 confirmarunt,

172 3285 268 3350 quam
293 3263 518 3338 labefecerunt,
538 3268 634 3326 etiarn
652 3263 708 3324 ubi
732 3262 780 3324 hae
804 3263 914 3324 forma
936 3261 996 3324 sibi
1017 3267 1158 3328 invicem
1170 3268 1212 3328 ob

173 3352 258 3411 viam
280 3351 393 3408 venire
411 3344 570 3424 videntur,
591 3345 666 3410 'nam
689 3349 802 3432 speciei
823 3351 986 3408 essentiam
1011 3369 1075 3410 non
1103 3352 1133 3412 in
1153 3353 1210 3412 cba-

82 3443 84 3448 ’
172 3429 358 3508 racteribns,
377 3424 430 3490 sed
453 3429 485 3487 in
506 3434 620 3510 speciei
646 3434 711 3491 vita
733 3425 766 3493 Gt
789 3429 932 3490 moribus
974 3435 1105 3496 enimus
1129 3429 1212 3496 &hir

137 3556 142 3570 .
170 3514 350 3578 rationibus
383 3532 412 3581 v,
445 3532 471 3572 c.
502 3509 598 3602 Cled.
637 3511 790 3600 ysielata
822 3507 855 3575 ἃ
876 3450 1071 3596 fimbriata
1103 3535 1210 3599 prorsus

169 3602 322 3684 oppositae
344 3607 427 3658 sunt.
447 3593 513 3658 cfr.
539 3535 643 3667 aas
654 3591 887 3682 fimbriatum

177 3716 525 3812 194.GLAD0N1A
548 3719 720 3812 gracilis,
744 3713 861 3788 thallo
883 3721 1139 3813 squamnloso,
1161 3745 1209 3820 po·

220 3817 328 3888 detiis
361 3806 823 3915 cartilaginea·eortieatis¹
848 3819 1065 3918 cylindricis
1102 3821 1209 3924 politis

219 3917 604 4018 fusco-virescentibps
624 3917 916 4019 (dealbatisve),
939 3925 1094 4022 scyphis
1125 3925 1208 3998 cleu·

216 4017 268 4096 sis
290 4015 552 4115 planiuseulis.
582 4019 784 4121 apotheciis
808 4020 1111 4106 lassescentibus.
