2462 4598
168 244 233 313 Μ
314 248 317 252 ’
593 225 813 290 UClfflNAEt

210 442 225 454 ··
262 403 427 480 indicarit)
448 419 491 448 -·-'
508 393 613 461 Prien
633 389 726 480 Syra.
753 389 833 456 0νὸ.
860 391 952 478 Veg.
973 401 1013 444 ’-
1033 389 1144 467 Marar.
1158 427 1185 440 -

105 551 109 557 .
263 485 382 556 Flr'irk.
402 483 499 549 Mon.
523 479 694 555 Gladonia,
715 479 966 560 Soypliophorus
987 471 1021 537 &
1051 463 1185 558 Helopodi-

177 601 193 616 ·’
264 597 329 636 um.
367 565 526 634 Decand.
564 563 762 643 Capitularia
791 559 910 624 Flork.
945 564 1032 622 olim.
1058 557 1186 622 Mortua.

262 658 442 722 Patellariae
463 648 685 732 Steliophoroe.
719 643 850 708 Wollr.
865 643 1033 728 Monogr.

276 776 419 852 CHAR.
471 749 672 870 Apotheoia
693 763 860 852 discreta,
886 737 1001 836 liliere
1025 761 1188 865 enatapri·
1220 762 1221 785 ¹

60 925 64 938 r
108 955 110 959 ,
173 887 288 964 micus
311 871 630 978 scyphuliiormia‚
641 893 726 942 mox
749 865 878 940 inflata
904 863 1129 966 cephaloidea
1144 867 1189 934 in·

173 985 381 1084 marginata
411 981 509 1051 intus
540 971 675 1044 inania.
732 971 861 1044 Discus
880 983 1190 1067 apertusmoxpro·

177 1089 351 1165 runerans
374 1078 527 1154 reflexus
557 1070 763 1172 excipulum
791 1073 994 1170 proprium,
1023 1071 1078 1141 cui
1106 1093 1191 1166 impo-

71 1188 73 1198 ¹
177 1189 287 1276 situs,
302 1178 541 1277 abscondens,
560 1175 652 1250 asois
678 1173 891 1245 obliteratis.
953 1173 1105 1247 Thallus
1126 1171 1192 1243 lrori·
1221 1219 1222 1279 p

100 1369 107 1380 ,
176 1293 358 1373 zoccolis„
380 1279 818 1383 squamulosofoliaceua
844 1289 912 1348 aut
937 1289 1193 1361 cameracenae
1221 1327 1222 1362 ,

69 1397 73 1404 ’
176 1423 251 1497 quo
277 1393 407 1489 asurgit
425 1384 620 1460 verticalis
646 1381 861 1491 ooalescens
884 1375 1092 1476 (podetia),
1114 1377 1194 1448 corti·
1219 1418 1221 1439 .

178 1502 383 1598 logineus,
392 1490 606 1584 fismlosua

264 1611 295 1675 l.'
333 1611 439 1671 Genus
459 1599 605 1690 Evertrtiae
629 1593 690 1661 &a
712 1597 864 1676 analogon
886 1597 918 1656 in
945 1595 1005 1658 hac
1034 1597 1129 1671 serie,
1151 1597 1194 1653 eri·
1221 1579 1222 1612 ¹

180 1703 244 1763 mie
267 1693 426 1771 naturale,
449 1693 530 1750 inter
549 1687 655 1744 omnia
677 1685 812 1742 maxime
835 1691 992 1763 proteum.
1018 1680 1194 1742 Hiucinnnl-
1221 1663 1222 1696 ¹

179 1787 213 1857 lo
228 1785 293 1844 alio
318 1797 430 1860 genere
452 1779 577 1832 tantum
599 1769 799 1838 dissentitur,
821 1763 899 1846 quid
921 1767 962 1824 sit
983 1769 1116 1848 species,
1145 1761 1196 1842 qnid
1221 1745 1222 1780 ¹

179 1869 336 1940 varietas,
366 1855 456 1944 quasi
488 1856 519 1914 in
552 1851 611 1912 lrac
641 1847 844 1932 dijudicanda
877 1847 931 1906 lite
959 1842 1105 1908 amabilis
1130 1848 1195 1907 disci·
1221 1829 1222 1864 ¹

205 1954 274 2013 linae
302 1947 414 2006 unicus
444 1940 511 2000 linis
540 1939 660 2018 positus
690 1933 777 1992 esset.
821 1927 1099 2006 Evidentissimum
1123 1952 1195 1990 exen-
1221 1913 1222 1946 ¹

180 2036 272 2120 plum
294 2029 433 2092 offerunt
461 2023 645 2102 nuperrime
676 2017 773 2096 hujus
801 2017 923 2094 generis
953 2015 1196 2096 metrographiae
1221 2007 1222 2030 ¹

182 2119 260 2180 Cell.
293 2113 382 2173 Viris
414 2107 533 2168 Florae
568 2098 600 2163 ἃ
632 2100 799 2164 Wallroth
821 2097 941 2176 edita,
984 2121 1065 2180 quas
1099 2083 1222 2161 ducibu¹

181 2218 314 2266 namma.
340 2191 531 2278 experientia
563 2179 746 2265 &ingenii
780 2185 923 2246 acumine
960 2189 1146 2268 conscriptas
1169 2201 1222 2258 es·¹

181 2303 213 2350 tre
239 2299 330 2344 nemo
360 2287 406 2339 est
436 2275 494 2358 qui
533 2293 594 2332 non
623 2272 739 2332 videat.
789 2265 920 2328 Accedit
955 2278 1085 2345 nostra,
1119 2287 1198 2326 serun-

181 2373 263 2434 dum¹
289 2363 447 2450 principia
474 2358 508 2416 in
535 2354 647 2416 Sched.
676 2351 754 2414 Crit.
787 2359 817 2418 8.
847 2373 878 2433 p.
909 2357 1037 2422 16--20
1064 2351 1197 2420 elaborata,
1220 2336 1221 2351 ¹

182 2456 223 2518 ab
244 2462 401 2531 utraque,
430 2447 462 2503 in
485 2439 680 2519 proponendi
708 2435 802 2498 modo
827 2437 925 2514 magis
946 2457 964 2496 a
986 2433 1221 2498 Wallrotlrianal

182 2544 215 2602 in
237 2531 403 2620 principiis
425 2551 443 2588 a
465 2526 654 2600 Fliirkeana,
676 2521 832 2595 recedens,
857 2521 1006 2602 lpotius
1026 2524 1107 2582 viam
1131 2515 1221 2575 medi-³

183 2643 233 2684 am
254 2631 371 2680 tenens.
414 2610 554 2692 Qualem
573 2607 622 2668 his
645 2604 882 2688 monographiis
913 2624 974 2666 non
996 2605 1072 2664 visis
1094 2597 1200 2662 elabora·

183 2726 262 2780 ram,
284 2719 386 2760 meam
411 2693 620 2766 communico,
644 2699 812 2774 postquam
837 2685 942 2749 denuo
966 2708 1038 2747 cum
1057 2688 1103 2748 his
1125 2687 1151 2745 iu
1167 2701 1200 2740 na·

183 2799 258 2864 tura
280 2781 474 2873 comparavi.
506 2773 570 2822 -''
591 2771 623 2834 Si
654 2773 733 2858 quid
755 2773 787 2832 in
809 2771 973 2833 Gladoniis
991 2763 1200 2832 determinandis
1221 2799 1222 2822 l

184 2866 437 2954 progrediemur,
456 2883 515 2922 non
537 2859 655 2920 suflicit
677 2859 795 2918 formas
814 2857 930 2916 similes
951 2857 1146 2938 conjungere,
1162 2847 1201 2907 dit·
1220 2862 1221 2867 ’

186 2953 304 3014 similes
327 2949 534 3025 distinguere,
554 2942 606 3003 sed
630 2941 834 3024 morph'oseos
860 2939 980 3000 indoles
1005 2939 1098 3022 plene
1116 2945 1154 2994 est
1169 2949 1202 2988 et·

184 3031 336 3120 ploranda
363 3025 395 3090 &
416 3025 623 3112 physiologia
651 3027 775 3086 trutina
801 3013 1011 3104 ponderanda.
1058 3023 1099 3080 At
1125 3039 1155 3076 ca
1177 3019 1202 3069 ol

184 3119 361 3184 Lichenum
388 3115 527 3190 indoles,
547 3121 585 3170 ut
607 3112 632 3169 si
652 3108 703 3168 vel
725 3109 837 3168 leviter
859 3106 1078 3186 indulgeamus
1102 3099 1203 3182 ingenio.

125 3247 126 3253 .
186 3223 294 3286 omines
325 3187 506 3258 differentiae
537 3207 602 3254 tam
634 3211 784 3274 generum
813 3211 908 3272 quam
939 3191 1111 3272 specierum
1141 3179 1203 3242 facile

187 3289 354 3350 tollantur.
398 3281 636 3358 Dignoscuntur
664 3285 789 3334 tantum
810 3275 948 3354 cujusvis
973 3265 1221 3351 sectionisorspe

136 3379 137 3382 ’
188 3374 248 3433 cici
271 3379 350 3450 typo
371 3363 517 3440 normali,
541 3361 595 3420 sed
619 3359 736 3438 singuli
757 3362 828 3440 typi
862 3357 1097 3416 aberrntionnrn
1120 3353 1205 3412 linita

189 3453 318 3518 facilius
346 3448 605 3531 perspiciuntur,
634 3460 729 3524 qnam
761 3443 949 3503 indicantur.
993 3439 1148 3530 Praecipue
1172 3449 1206 3487 ct·

141 3571 144 3577 ·
190 3537 328 3604 tendum
356 3551 393 3591 ne
419 3551 455 3589 ex
487 3525 715 3610 apparentibus
737 3521 1065 3610 approximationibus
1090 3513 1205 3600 specimi-

189 3619 490 3698 nurn,atypicorum
524 3613 646 3674 diversa
676 3610 915 3670 confundamus.
958 3607 1009 3666 Sic
1043 3609 1120 3666 inter
1140 3605 1205 3662 innn-

191 3725 278 3764 mera
299 3698 442 3781 exempla
466 3699 577 3780 utique
599 3693 684 3752 adest
706 3693 809 3752 forma
829 3693 946 3752 sterilis
971 3685 1066 3752 Clad.
1089 3674 1204 3766 botrata

192 3809 261 3870 quae
284 3785 325 3844 ab
347 3781 494 3842 omnibus
515 3781 556 3842 ad
580 3773 630 3838 Οἱ.
640 3773 809 3838 unciolam
830 3775 945 3855 rejecta
964 3759 1204 3846 videtur‚&rtal·

194 3873 226 3930 lo
250 3871 376 3952 privata
399 3867 452 3924 vix
473 3867 514 3926 ab
537 3861 645 3926 eadem
668 3859 802 3920 discerni
826 3869 951 3942 potest3
980 3875 1084 3918 earnm
1104 3869 1166 3910 vero
1181 3861 1205 3896 ⁰·

193 3951 265 4028 rigo
294 3949 419 4010 abunde
457 3949 580 4010 diversa
613 3954 675 4004 est.
722 3945 769 4004 Ad
807 3945 957 4004 transitus
992 3925 1206 4002 dernonsnandu

193 4035 286 4114 seligi
307 4038 438 4116 possunt
467 4032 638 4118 specimina
658 4029 802 4090 omnium
825 4026 1067 4100 Cladoniarum,
1093 4019 1204 4080 Biatort·
