2506 4610
427 259 702 328 SYSTEMATIS.
870 314 879 329 .
943 346 946 354 ,
1046 279 1087 344 11

84 433 298 500 Umbilicaita.
344 425 526 516 (Pyxinel)
580 431 796 517 Opegrapha.'
829 433 1005 498 nimbosis.
1044 471 1087 488 --

122 520 337 580 Cliostomum.
1083 564 1096 588 ,

85 621 244 686 asemper
267 600 409 660 clausum
432 600 548 662 ostiolo
569 611 748 684 pertusum.
799 599 1021 666 Ttatomium
1051 614 1102 675 ut,

126 690 159 750 in
178 683 311 768 prioris
331 703 355 744 e.
378 681 605 748 Verruearieae.

88 773 210 848 (Genera
230 776 313 829 exot.
338 768 395 850 pl.)
447 767 641 848 Segestrella.
686 767 891 835 verrucaria.
917 801 965 816 -·
987 769 1090 852 Pyre·
1179 839 1184 848 ,

121 853 243 918 notbea.
482 859 485 866 '
1167 849 1173 860 ’

91 937 112 1001 d.
129 939 212 1000 disco
237 935 395 1010 fatiscens,
414 933 491 994 oscis
511 931 712 997 destitutum.
752 931 976 999 Thalassium
995 942 1035 995 ut
1055 933 1091 998 in

122 1015 377 1163 Spbczropboro
389 1013 769 1101 pulcerrimo-solutum.
805 1021 971 1082 Calicinm.
1024 1020 1089 1080 Co-

124 1123 191 1166 moc
239 1123 266 1162 e.

117 1125 216 1269 Hujuys
247 1185 464 1272 dispositionis
494 1183 665 1268 explicatio
686 1188 718 1248 in
740 1187 903 1272 morphosi
938 1187 1088 1250 thalamii

53 1275 195 1359 proposita
224 1280 296 1330 est„
327 1268 391 1331 Vix
421 1268 581 1330 crederem
606 1271 851 1351 simpliciorem,
882 1272 1090 1354 paucioribus

52 1353 290 1420 aberrationibus
309 1352 489 1430 obnoxiam,
509 1349 746 1432 dispositionem
767 1352 991 1420 uniter-tatem
1013 1376 1093 1440 pro-

52 1445 114 1526 poni
132 1459 241 1522 posses
273 1436 410 1498 Perinde
432 1447 477 1498 est
500 1444 611 1506 utrum
635 1438 687 1496 ria
717 1443 927 1520 progressiva,
957 1459 997 1498 oo
1040 1460 1094 1499 re·

53 1527 181 1606 gressiva,
203 1531 248 1607 ut⁸
262 1521 327 1582 hoc
346 1519 416 1580 loco
437 1515 559 1580 iactum
578 1523 631 1596 sit,
652 1541 691 1580 an
713 1523 920 1604 paucioribus
945 1521 1094 1582 subdivi-

51 1607 183 1682 sionibus,
208 1606 389 1688 conjunctis
412 1625 442 1664 v.
466 1611 493 1664 c.
513 1624 541 1662 a.
564 1597 598 1663 ἃ
631 1602 674 1681 b.,
697 1609 921 1687 proponatur.'
950 1604 1094 1668 offendit
1155 1675 1159 1682 A

52 1695 141 1776 primo
162 1687 284 1750 obtutu
313 1709 330 1748 e
356 1698 482 1770 recepta
508 1687 634 1748 videndi
660 1692 784 1748 ratione
813 1691 1029 1771 Angiocarpos
1061 1681 1096 1747 dt

54 1779 276 1857 Gymnocarpos
298 1775 485 1832 commixtos
507 1791 581 1847 esse,
603 1771 655 1831 sed
676 1771 736 1831 boc
758 1791 793 1831 ex
816 1794 927 1833 eorum
942 1773 1097 1855 morpho-

52 1864 72 1920 si
89 1859 175 1918 facile
198 1857 389 1938 explicatur.
432 1849 553 1914 Genera
574 1855 819 1916 fructificatione
842 1859 1018 1932 simillimo,
1041 1854 1123 1916 sed·

53 1942 181 2023 excipulo
203 1942 339 2022 proprio
361 1949 419 2000 aut
440 1936 583 1998 thallode
602 1937 743 2020 (excepta
760 1939 899 2014 nondum
922 1943 984 2001 rite
1005 1941 1094 2000 limi·

54 2027 256 2100 tataBiatora,
277 2042 350 2082 eum
374 2022 470 2104 hujus
502 2016 686 2101 excipullrm
715 2025 756 2082 sit
788 2022 947 2084 thallodes
985 2033 1094 2084 muta-

53 2113 121 2186 tum)
142 2107 361 2188 discrepantia·
378 2125 551 2187 numquam
571 2108 635 2164 inse
656 2107 788 2166 invicem
818 2089 998 2188 permutari
1018 2127 1094 2189 pos-

54 2206 113 2252 sunt
139 2210 165 2251 v.
189 2209 215 2248 c.
255 2185 514 2272 Trppethelium
542 2182 575 2248 dt
605 2183 831 2266 Pertuecsria,
865 2185 1033 2252 (loticiam
1061 2183 1095 2250 ἃ

55 2270 332 2358 Splzoeropboron,
361 2266 546 2337 Limbnrs'a
568 2265 601 2332 Gt
632 2265 860 2350 Tbelotremo,
887 2268 1095 2335 Stereocuzs-

55 2354 146 2419 too&
175 2355 300 2420 Uenea.
319 2391 360 2402 -
384 2353 445 2415 Sed
466 2355 634 2438 apothecis
654 2358 800 2415 omnium
822 2352 1097 2418 Ooeno'ttatamo-

54 2461 119 2503 mm
137 2445 166 2501 in
187 2450 264 2502 ortu
286 2439 489 2520 Endocarpea
512 2433 821 2512 sunt3Pnrmelieoe
841 2459 931 2500 sensu
954 2442 1097 2500 strictio·

55 2530 76 2586 ri
92 2525 207 2585 tardius
236 2545 276 2585 ex
296 2525 358 2585 hoc
377 2533 462 2582 statu
485 2522 658 2582 normalem
680 2524 763 2582 attin
786 2532 855 2597 unt,
870 2543 985 2604 'quare
1006 2525 1098 2586 mul·-

54 2609 209 2668 tabarum
232 2609 344 2668 formae
366 2611 470 2668 minus
495 2607 657 2688 explicatae
685 2624 745 2686 pro
763 2542 995 2687 budocorps'a
1026 2603 1095 2667 Scs-

53 2687 207 2774 gadiis&
231 2685 448 2752 Pertusuriis
471 2689 577 2750 adhuc
598 2687 770 2766 habentur,
791 2699 828 2748 ut
848 2683 978 2763 Stictoe,
1000 2685 1094 2756 Por-

56 2775 164 2854 meliae;
195 2771 396 2850 Usneaceoe,
421 2784 458 2833 ut
478 2773 698 2856 perfectiores,
717 2771 801 2832 hunc
821 2782 938 2832 statum
955 2783 1020 2832 tam
1041 2795 1098 2834 su·

56 2855 113 2918 bito
132 2858 313 2932 absolvunt,
335 2867 373 2918 ut
393 2857 561 2936 apothecis
589 2857 744 2938 explicata
773 2858 913 2938 primum
946 2855 1097 2946 obseruas
1140 2891 1146 2904 ·

57 2945 107 3000 tori
129 2963 190 3003 sese
211 2939 357 3002 offerant.
399 2940 428 3002 E
452 2942 613 3006 contrario
634 2941 730 2998 etiam
749 2959 830 2999 verae
845 2934 1098 3023 Erulocarpece’,

58 3029 185 3106 typicum
204 3043 302 3086 suum
318 3035 436 3086 statum
457 3033 650 3105 superantes,
667 3024 699 3081 in
715 3023 943 3086 Parmeliaceas
966 3023 1097 3104 abeunt,

77 3113 103 3168 ui
124 3113 203 3170 nisus
225 3111 262 3168 in
278 3106 523 3187 Thelotremate
538 3105 807 3190 praedominatur,
826 3109 859 3168 in
876 3103 1100 3189 Pertusariie,

59 3129 265 3276 lindocarpis
286 3185 357 3268 &c.,
383 3193 545 3254 fatiscente
575 3199 675 3248 strato
700 3192 844 3252 corticali
873 3190 1098 3271 perfectiorem

61 3275 189 3336 tlalamii
203 3275 420 3336 evolutionem
439 3275 608 3348 retinente,
627 3293 756 3354 quoque
775 3273 952 3358 prepollet.
978 3273 1099 3344 Eadem

64 3370 98 3417 est
117 3362 194 3420 ratio
209 3353 545 3431 Idiotlzalomorum3
569 3357 719 3436 primitus
739 3356 760 3416 l.
783 3356 930 3418 abortivi
952 3361 1099 3423 omnium

65 3443 209 3522 apothecis
231 3439 454 3518 Verrucariea,
476 3433 509 3499 &
532 3448 569 3500 ut
593 3437 804 3522 Endocarpeae
833 3443 1017 3511 evolutione
1046 3443 1101 3504 ul·

67 3531 104 3584 tra
118 3525 289 3586 normalem
311 3525 344 3586 in
366 3525 483 3584 formas
507 3521 738 3584 Parmelineeas
760 3524 957 3603 degenerant,
977 3528 1022 3586 sic
1038 3529 1101 3586 eti-

71 3625 105 3666 an
125 3606 165 3670 V
159 3603 341 3672 errucario
362 3627 502 3684 maura,
525 3603 741 3690 Pyrenotlseu
772 3603 1012 3690 leucoeepbolo
1039 3603 1100 3672 &a

71 3705 148 3772 usque
170 3693 202 3754 in
222 3690 387 3752 Leeidinas
412 3692 619 3750 transmutari
633 3703 788 3771 possunt.
819 3725 861 3738 -
884 3692 1103 3760 Formationes

68 3767 150 3838 lsiidii
171 3775 277 3836 omnes
298 3774 338 3836 ad
364 3773 619 3836 Coenothalamos
647 3776 837 3856 pertinent3·
854 3775 962 3839 omnia
989 3795 1102 3856 genera

68 3849 168 3940 Fungis
187 3857 320 3938 analoga
344 3857 385 3919 ad
410 3857 645 3920 Idiothalamos.
666 3875 694 3916 e.
716 3879 739 3918 s.
759 3879 790 3940 p.

134 3970 187 4034 111.
208 3971 255 4032 Ex
275 3974 419 4054 ipsorum
440 3970 568 4038 demum
591 3967 819 4053 thalamiorum
841 3969 959 4047 indole,
984 3933 1105 4034 immv-

69 4055 125 4111 tata
135 4053 344 4137 persistente,
367 4051 623 4140 deliquescente,
646 4049 838 4134 rr‘gesoente
858 4048 892 4116 ἃ
911 4049 1104 4138 fatiscente
