2506 4610
47 374 52 390 κ
156 335 278 471 exn
373 453 375 458 Ι
537 289 803 434 ἨῙετοΒιΑ.,
877 279 884 322 ⁵

155 591 159 598 .
227 531 295 637 ..§
320 527 385 626 64:
432 525 539 604 salva
575 534 767 634 praesentis
804 530 929 606 seculi
959 557 1043 632 erga
1067 535 1227 607 'antece-

74 720 76 737 ,
130 637 251 740 „dens
275 635 349 708 fide
376 625 416 705 ὃ(
441 633 617 732 religione
645 636 751 708 facile
772 636 1022 734 'predicemus
1038 633 1227 708 Licbeno-

185 737 351 842 cuphiam
377 732 445 809 sub
473 735 530 808 bis
560 739 731 835 auspiciis
769 738 883 835 magis
911 735 1075 822 anrbitu,
1112 761 1227 834 quarn

1 940 2 943 Ἴ
160 769 288 924 leudo,
312 839 480 920 crevisse,
508 841 694 938 praecipue
713 865 799 912 cum
822 840 976 938 plurimi
1003 843 1081 939 ejus
1107 836 1228 911 culto-

93 979 97 985 ·
160 971 221 1023 res
253 943 324 1043 ipsi
353 941 608 1040 perspexerint
635 946 709 1040 ejus
744 955 893 1019 statum,
920 943 995 1040 ‘qui
1021 963 1094 1012 non
1137 938 1239 1012 felin

159 1049 251 1126 erat.
303 1044 395 1115 Inde
421 1055 498 1112 orta
524 1056 578 1113 est
603 1067 761 1140 praesens
792 1046 941 1140 epocha
976 1045 1225 1136 reformatio·

163 1155 238 1239 nis,
263 1171 338 1220 non
364 1143 467 1242 quasi
492 1141 570 1216 haec
596 1170 669 1216 uno
695 1143 810 1241 grado
837 1158 900 1228 aut
925 1143 1049 1218 adulta
1075 1141 1223 1240 (adbuc

162 1244 204 1331 fn
223 1246 464 1324 adolescentia
485 1243 563 1344 est)
591 1261 674 1318 nata
711 1260 825 1329 esset3
859 1271 944 1318 num
974 1247 1150 1344 dispersae
1185 1241 1222 1316 ἃ

163 1349 446 1432 accuratissimae
470 1369 579 1445 supra
616 1347 845 1419 laudatorum
875 1348 1052 1428 virorum,
1086 1349 1220 1418 Soleae·

110 1481 115 1489 '
163 1459 256 1544 reri,
279 1450 350 1523 &u
362 1447 653 1528 observationes,
666 1452 919 1524 Escbweileri
944 1449 1114 1548 analyses
1148 1445 1216 1518 col·

161 1559 247 1634 lutee
276 1551 315 1624 &
341 1553 383 1624 iu
406 1551 587 1646 integrum
614 1551 702 1622 l'usee
732 1550 778 1622 ad
806 1565 962 1650 receptae
991 1548 1218 1625 constitutio·

161 1663 221 1740 nis
251 1651 544 1728 emendationem
568 1648 681 1734 &ad
706 1666 845 1724 naturae
861 1630 1219 1753 contemplationem,

163 1763 329 1867 priorum
356 1778 519 1826 errorum
544 1755 711 1853 exemplo
737 1754 916 1839 edoctam,
941 1779 1085 1827 necesse
1114 1752 1221 1825 redu·

160 1859 296 1942 nerent,
323 1853 362 1928 &
394 1855 542 1952 quidem
580 1859 627 1928 ad
657 1853 782 1927 eedem
817 1858 980 1930 materiei
1010 1853 1220 1937 corollaria,

31 1986 69 2034 ἢ
149 1965 216 2030 ‘sed
238 1965 269 2022 in
290 1957 423 2044 diversis
446 1957 578 2036 ingeniis
599 1955 994 2018 dirersomodoresracts.
1041 1954 1223 2018 Venerunt

162 2058 294 2122 naturae,
318 2060 440 2102 errores
461 2041 578 2122 cuique
599 2042 733 2100 Auctori
758 2050 882 2102 tantum
898 2033 1003 2124 privis
1038 2041 1082 2102 At
1102 2042 1148 2100 eis
1169 2057 1222 2103 nos

61 2163 66 2172 ·
161 2133 252 2195 decet
278 2123 445 2206 gratulari,
471 2142 522 2181 eos
555 2133 592 2183 ut
618 2135 764 2184 naturam
794 2143 912 2201 amare,
943 2123 1062 2206 quibus
1092 2121 1160 2184 baec
1187 2131 1222 2182 ut

164 2209 338 2278 clientibus
363 2205 459 2284 adytu
487 2225 542 2265 suu
582 2209 720 2288 aperuit.
747 2206 810 2267 ·Ut
834 2209 928 2292 hujus
954 2205 1082 2289 epocbae
1111 2207 1222 2267 bernes

144 2297 196 2365 'in
220 2292 385 2376 republica
407 2288 637 2370 Lichenologiae
660 2292 798 2351 eminent
825 2287 1009 2353 Wcllrotlr
1028 2283 1061 2350 ἃ
1083 2285 1220 2374 Meyem

161 2381 217 2464 φά
236 2373 372 2462 plenius,
399 2373 493 2432 facile
515 2384 754 2454 praematurum,
778 2373 932 2456 judicium
957 2374 1126 2457 suspendo,
1148 2391 1219 2448 cute
1251 2419 1252 2440 ,

160 2487 241 2549 saepe
262 2461 511 2520 demonstratum
538 2460 589 2530 sit,
607 2459 762 2517 neminem
788 2477 910 2536 eorum,
932 2477 1070 2541 qnorum
1094 2461 1161 2538 ipse
1190 2475 1219 2515 se

160 2561 286 2637 purtem
311 2543 407 2603 ruisse
429 2539 531 2619 fingit,
554 2541 709 2620 integram
733 2541 930 2602 conscribere
961 2561 1050 2624 posse
1084 2540 1220 2600 histori·
1251 2551 1252 2594 l

161 2657 227 2712 am,
247 2626 334 2712 quod
349 2622 551 2708 periclitetur
566 2633 632 2682 tum
652 2627 716 2684 suis
737 2623 889 2705 symbolis
913 2629 1047 2686 nimium
1065 2623 1220 2698 tribuere,

122 2701 146 2728 ”
161 2735 271 2804 quam,
292 2714 386 2771 etiam
410 2709 435 2765 si
458 2727 491 2766 se
519 2711 664 2774 anoeoo,
686 2712 828 2783 sentiret,
854 2707 1123 2768 thermometrum
1149 2718 1219 2766 tan·

105 2802 109 2811 '
161 2812 246 2876 tum,
264 2796 304 2854 ad
327 2799 465 2852 mutatas
497 2791 820 2866 rationeseoscilluns,
843 2792 915 2872 plus
942 2787 1052 2852 r'ninus'
1076 2792 1161 2871 grati
1190 2791 1218 2848 in

145 2874 298 2960 'collegas
319 2873 416 2936 animi
439 2874 575 2948 sistere„
600 2872 714 2934 Varius
736 2871 893 2954 symbolus
915 2877 1098 2935 attulerunt
1120 2867 1219 2932 Sten-

161 2965 335 3034 Irammnr,
358 2955 504 3032 Flotow,
529 2953 679 3019 Lauren.
724 2953 782 3016 Est
807 2978 882 3016 suus
904 2959 1125 3018 reformationi
1143 2955 1218 3016 cha·
1251 2937 1252 3012 l

160 3060 266 3116 racter
284 3047 314 3106 in
335 3042 441 3102 studio
462 3041 674 3120 physiologiae
694 3034 727 3100 ἃ
749 3040 977 3122 morplrologire
997 3042 1144 3100 funditus
1164 3059 1218 3100 ex-

161 3127 392 3216 cipiendarum,
421 3125 650 3200 primariorum
679 3146 697 3184 a
721 3125 914 3186 secundariis
944 3126 1157 3202 distinctione,
1185 3125 1217 3182 iu

159 3221 232 3283 nisu
263 3230 377 3292 genera
408 3201 440 3270 ἃ
471 3208 588 3287 species
608 3208 648 3267 ad
666 3217 810 3267 natnrom
834 3206 1013 3267 reducendi.
1057 3207 1118 3267 Sed
1147 3225 1218 3268 cum

159 3295 349 3390 precedenti
387 3287 513 3374 cpocbae
555 3291 679 3350 cautela
711 3294 743 3350 in
775 3284 957 3372 sepa'rando,
969 3290 1217 3352 commendanda
1250 3285 1251 3290 ’

162 3391 252 3458 esset,
274 3387 386 3440 nostrae
406 3373 448 3436 ob
481 3376 664 3454 oppositum
691 3377 818 3452 genium
842 3376 874 3434 in
900 3373 1142 3454 conjungend03
1167 3375 1218 3438 hic
1250 3377 1251 3436 l

157 3467 243 3532 enim
265 3463 297 3521 vi
319 3479 426 3520 rerum
442 3459 474 3517 in
494 3457 631 3516 alterum
654 3476 821 3534 excessum,
844 3479 909 3539 qno
934 3455 1062 3539 quidem
1088 3459 1120 3518 in
1133 3457 1215 3520 diem
1250 3469 1251 3480 ¹

159 3555 339 3631 imperatur
377 3541 429 3602 sed
467 3539 814 3600 contrareforrnationis
856 3544 975 3600 semina
1011 3552 1216 3622 sparguntur,

159 3635 260 3711 vulgo
281 3627 392 3688 tendit.
434 3625 477 3686 At
501 3623 613 3682 futura
636 3622 868 3704 Lieheoolopiu
891 3626 957 3686 fata
984 3625 1094 3684 latent.
1137 3626 1216 3707 Spe-

158 3735 266 3782 remus
286 3711 369 3786 fore,
395 3717 432 3769 ut
463 3717 582 3780 tenera,
610 3705 757 3766 amabilis
791 3709 890 3769 instar
922 3727 1050 3790 sponse,
1080 3710 1214 3770 scientie

158 3797 291 3862 amabili
315 3793 484 3856 fructifera
513 3787 696 3849 efflorescat.
743 3783 914 3867 Vovemus,
951 3801 988 3850 ut
1016 3790 1113 3872 hujus
1144 3795 1213 3853 cul·

158 3879 266 3958 tores,
303 3875 423 3960 quibus
457 3877 487 3936 in
521 3871 737 3932 hereditatem
764 3864 797 3932 ἃ
846 3877 1062 3956 principatum
1098 3876 1214 3934 trudito

115 4029 118 4036 ,
158 3975 205 4027 est
238 3973 363 4046 nature,
390 3963 490 4020 insite
524 3955 600 4016 buic
626 3953 821 4036 obsequendi
850 3951 884 4020 ἃ
914 3957 1093 4040 imperandi
1120 3959 1213 4018 simul

158 4047 276 4112 uirtuti
297 4063 360 4106 non
380 4039 535 4106 diffidant.

554 4172 780 4208 n*-
