2546 4610
153 265 324 386 fmrx.¹
525 280 951 367 uonraonoern
1012 305 1016 314 r

174 405 240 564 .
313 473 461 588 Caput
487 469 605 560 VlIl.
662 473 1098 584 Ana'morphosis
1138 485 1142 494 '

197 641 202 650 ·
547 581 921 672 Liehenum.·
1009 634 1011 645 ν

117 815 118 818 ¹
283 729 317 832 ᾗ.
346 754 405 828 29.
456 727 674 801 Plantarum
710 725 1044 800 Homouemearum
1090 723 1223 800 investi·

181 833 368 932 gatoribus
391 855 474 902 non!
492 831 571 902 siue
595 834 672 932 jure
695 828 804 928 objici
831 829 1017 928 fingerem,
1044 825 1143 929 quod
1166 839 1223 900 sta·

181 949 241 1008 tus
261 935 429 1035 atypicos
458 929 619 1028 (formas
645 945 721 1004 tarn
749 927 816 1003 sub
843 929 1051 1004 evolutione
1086 925 1223 1028 impedi·

150 1104 153 1113 .
181 1049 248 1121 tas,
275 1061 384 1136 quam
412 1033 708 1134 praecipitatione
731 1029 950 1132 degeneres)
978 1029 1161 1122 nimis&
1183 1041 1222 1102 at·

95 1219 97 1223 ,
169 1137 372 1212 'tenderint
388 1134 429 1209 δί
455 1135 704 1234 neglexerint3
732 1133 837 1220 illud,
851 1160 934 1206 curn
959 1137 1082 1207 omnia
1111 1133 1221 1232 Algam

182 1239 399 1339 Fungumve
419 1237 613 1322 referentia
642 1263 709 1336 pro
735 1238 941 1334 auton'onris
967 1237 1105 1336 plantis
1132 1233 1221 1332 vulgo

99 1368 101 1381 ·
183 1340 468 1442 descripserint3
491 1337 570 1426 hoc,
594 1364 678 1411 cum
704 1338 971 1436 descriptorum
999 1365 1134 1412 nexum
1157 1359 1220 1408 curu

181 1445 337 1518 matrice
374 1440 415 1516 &
440 1441 555 1542 prole,
593 1441 716 1542 primo
754 1438 884 1512 obtutu
922 1465 1017 1540 saepe
1057 1439 1218 1516 latentem,

181 1570 258 1619 non
283 1543 545 1644 inquisiverint
577 1543 630 1640 ι).
683 1541 765 1632 Quo
789 1539 1011 1627 factumest,
1038 1558 1078 1614 ut
1104 1535 1221 1618 formis,

183 1647 377 1720 ediverso
403 1647 503 1719 sonte
534 1643 759 1727 derivandis,
798 1645 977 1741 congestis
1012 1671 1087 1717 uon
1125 1643 1221 1742 Syste-

182 1774 244 1820 rna
274 1761 426 1826 tantum¹
451 1749 654 1820 frustranee
695 1739 923 1818 obfuscatum
957 1747 1080 1828 luerit,
1109 1743 1223 1820 ¹sedet

183 1851 291 1923 irrita
315 1848 507 1944 corollaria
533 1847 578 1919 de
602 1847 734 1920 harum
758 1849 929 1945 stirpium
964 1861 1094 1921 natura
1122 1845 1159 1918 δι
1182 1869 1222 1940 ge·

182 1953 374 2034 uenatione
412 1963 489 2024 orta
519 1951 603 2022 sint.
662 1947 828 2021 Plurima
869 1949 1036 2049 crerupla
1074 1947 1222 2022 dedimus

134 2087 144 2096 ·
182 2055 224 2126 in
245 2051 452 2152 Syst.Orlr.
472 2053 562 2150 ¹Veg.
596 2075 636 2134 1.,
664 2049 796 2150 quibus
816 2057 885 2152 jam
916 2051 984 2124 alia
1004 2057 1222 2124 accesserunt.

183 2155 275 2246 Quae
308 2153 354 2228 de
388 2154 585 2254 praecipuis
621 2153 825 2226 Liclrenuru
861 2150 1185 2254 arramorplrosibus
1207 2145 1224 2216 l.

183 2281 214 2330 o.
240 2256 443 2344 attulimus,
472 2281 513 2328 ea
537 2253 666 2346 eodem
695 2267 859 2356 tempore
885 2253 931 2330 ab
967 2247 1064 2328 aliis'
1080 2248 1224 2330 acutissi-

225 2459 257 2535 1)
279 2457 347 2519 Hoc
370 2459 529 2542 praecipue
549 2459 662 2536 evenit,
684 2466 852 2540 postquam
866 2457 997 2538 singulte
1020 2449 1150 2519 familiar
1168 2463 1224 2514 tan·

173 2552 255 2604 tum
280 2543 541 2625 monographice,
562 2541 784 2624 anemorphosi
809 2543 900 2623 quasi
932 2545 1080 2620 scientiae,
1108 2533 1224 2601 tractari

181 2636 359 2708 coeperunt.
402 2625 610 2707 Singulorum
631 2627 842 2706 cognitionem
860 2623 921 2685 hac
942 2627 994 2686 via
1020 2628 1135 2690 eximie
1163 2635 1225 2699 sape

183 2711 356 2770 excrevisse
384 2730 446 2772 non
474 2709 676 2774 diffitendum
701 2718 758 2784 est,
789 2709 842 2770 sed
868 2707 1047 2770 stolonibus
1069 2713 1166 2771 etiem
1185 2722 1225 2764 re·

182 2791 324 2853 secandis
348 2792 539 2872 luxuriavit,
564 2813 664 2877 quare
695 2792 794 2872 vulgo
822 2813 883 2852 non
919 2793 979 2852 nisi
1016 2801 1185 2854 retractata
1203 2785 1224 2842 ir

183 2893 351 2936 commuue
371 2877 575 2936 scientiarum
600 2887 697 2958 caput
720 2875 912 2937 adsumenda
933 2885 1000 2952 est3
1027 2896 1102 2938 raro
1125 2869 1226 2938 funda·

182 2961 298 3018 mentis
321 2962 444 3039 pariter
465 2959 601 3038 firmata,
631 2979 668 3022 ac
680 2957 814 3036 ambitu
840 2959 976 3019 adaucta
1005 2961 1082 3021 fuit.
1126 2953 1225 3020 Proxl·

182 3041 244 3101 mis
269 3041 403 3102 familiis
435 3043 650 3122 valedicendo,
675 3045 741 3124 egit
769 3046 878 3122 parius
903 3046 1080 3125 reprimens
1110 3046 1144 3105 in
1166 3033 1226 3100 uui·

70 3171 73 3178 .
182 3123 336 3186 versalem
360 3124 744 3208 disciplinarum'nexnrn
773 3123 986 3204 &tractandi
1010 3127 1156 3204 modum,
1175 3122 1226 3184 sir·

166 3207 262 3288 1’ςιιΙει
287 3229 348 3268 non
370 3210 403 3268 in
425 3209 522 3291 plura
551 3210 664 3290 latera,
694 3230 751 3271 nec
774 3211 925 3296 pluribus
956 3213 1155 3294 conjunctim
1185 3219 1226 3262 2¹·

182 3291 304 3374 politis.
357 3291 491 3370 Auctor,
524 3295 582 3376 qui
614 3297 709 3356 unico
747 3289 868 3376 punc'to
894 3293 1004 3354 oculos
1034 3293 1151 3376 infigit,
1180 3302 1227 3349 non

182 3383 288 3458 potest
308 3395 370 3436 uon
394 3377 497 3437 multa
521 3376 653 3459 oblique
673 3381 817 3454 ,intueri3
840 3378 896 3458 qui
919 3381 1041 3440 cunctis
1063 3376 1186 3438 viribus
1204 3368 1227 3424 it

183 3459 278 3516 unius
300 3457 474 3543 disciplinae
495 3463 757 3522 reformationem
781 3471 907 3521 tantum
934 3462 1063 3536 nititur,
1087 3460 1180 3521 facile
1198 3445 1229 3512 ad
1256 3455 1257 3526 l

182 3542 280 3602 nimia
301 3543 505 3622 proferenda,
530 3546 629 3606 nimia
654 3543 877 3620 subvertenda,
900 3551 936 3606 ut
957 3547 1164 3606 attentionem
1184 3556 1228 3598 ex·

183 3625 272 3702 citet,
293 3624 473 3688 deducitur.
518 3624 588 3689 Hoc
605 3626 700 3688 modo
721 3645 890 3698 commuue
910 3629 1047 3692 scientie
1079 3625 1229 3706 ingenium

183 3725 247 3766 non
270 3711 422 3792 paritur;
443 3709 469 3768 si
491 3727 514 3770 a·
535 3710 691 3790 singulari
705 3709 746 3770 ad
760 3711 941 3780 universale
959 3711 1044 3772 saltu
1066 3719 1228 3770 transscen-

184 3787 291 3868 datur,
311 3813 328 3851 e
353 3792 481 3870 fulgore
504 3792 614 3854 fumus
636 3797 755 3875 potius,
775 3813 871 3877 quam
892 3815 909 3854 e
931 3795 1022 3856 fumo
1039 3793 1152 3854 lumen
1174 3787 1227 3850 o‘rl·
1256 3849 1257 3864 ,

182 3879 249 3934 tur.
293 3877 423 3935 Minime
444 3894 594 3956 monogra
621 3876 690 3938 hias
709 3879 877 3962 impugno,
893 3877 945 3940 sed
972 3877 1117 3943 studium
1140 3887 1230 3936 mour
1256 3875 1257 3954 l

183 3955 385 4036 graphicum.
405 3958 547 4035 singulas
565 3961 598 4024 fa
634 3962 705 4024 ilias
723 3972 761 4026 ut
791 3959 920 4044 disjecta
938 3961 1083 4027 membre
1105 3967 1231 4022 tractans
1256 3963 1257 3966 ’

182 4041 344 4125 memeque
366 4043 524 4106 intricans.
750 4101 775 4114 ,.
840 4099 847 4128 ,

1053 4173 1071 4210 Ι
