2470 4590
365 251 655 348 vnnnucnnrgn.
698 286 702 298 ·
999 265 1071 342 ets·

74 435 76 440 ’
111 437 168 526 Ad
201 435 351 512 cortices
390 432 562 507 orborum
598 429 789 509 crusslores
824 458 859 510 r.
891 463 920 512 c.
941 434 1065 538 'Fugl'ss

17 545 181 644 praecipue
206 541 246 613 iu
274 539 462 618 silvaticis,
490 551 528 608 nt
548 534 704 619 videtur,
721 539 861 611 rarior.
908 605 910 613 ,

89 645 115 705 Α
134 640 325 725 praecedente
348 649 474 722 tantum
501 639 584 702 notis
615 630 720 714 allatis
742 638 960 718 dignoscetur,
982 643 1066 722 qni-A

14 730 69 790 bus
90 727 228 808 sequenti
252 721 464 782 subdivisioni
486 719 623 786 accedit..
660 717 806 792 Crustum
830 727 861 782 in
894 723 1067 790 hacsem.

18 835 67 896 per
90 811 152 872 vidi
185 801 579 888 hypophloeodi-ellnsam,
610 806 798 882 laevigatam,
821 806 1058 870 albicio-inca.

17 921 88 958 nem.
129 892 307 953 Perithecia
330 891 452 946 minora
475 897 560 961 sunt,
580 887 754 962 subnitidu,
791 887 832 948 ob
861 889 948 948 basin
980 889 1059 950 defi..

17 987 134 1042 cientem
156 973 243 1036 haud
267 976 435 1044 immersn3
457 979 609 1030 evacuata
629 972 756 1030 deinum
779 971 867 1036 haud
895 971 1060 1046 collaben-

17 1067 63 1124 tin.
88 1095 125 1108 -
145 1059 172 1119 E
195 1077 287 1137 grege
310 1057 367 1116 illa
393 1049 497 1114 Verr.
516 1061 720 1133 gemmatae,
741 1051 921 1135 glabratoe
943 1049 974 1116 ἃ
999 1075 1068 1127 ra-,

18 1155 97 1210 ναίω
117 1143 204 1217 Aeln,
228 1161 299 1220 quae
320 1161 337 1198 a
359 1135 522 1219 prioribus
544 1135 694 1196 differunt
716 1138 899 1218 peritheciis
930 1141 1059 1200 emersis

15 1229 179 1302 denudatis,
196 1223 329 1284 difficile
356 1231 402 1280 est
426 1223 543 1302 species
573 1221 679 1300 plnres
702 1218 857 1297 stabilire,
882 1242 965 1298 nunt¹
982 1243 1060 1281 cru·
1126 1265 1164 1290 .,,

14 1326 62 1374 stae
82 1311 214 1386 indoles,
237 1315 274 1366 ut
304 1309 337 1366 in
370 1301 661 1384 hypopliloeodibus
693 1304 782 1377 solet,
811 1297 842 1362 ἃ
876 1305 1061 1381 magnitudo

15 1395 248 1478 apotheciorum
270 1376 547 1448 mire'mutantuc.
592 1387 680 1464 Duce,
701 1406 779 1466 quas
801 1389 958 1467 copiosius
986 1389 1060 1466 legi,

12 1481 93 1540 notis
127 1497 194 1538 sane
231 1469 429 1542 evidentibus
464 1462 496 1528 &
529 1467 600 1530 loco
631 1469 754 1536 diverso
780 1469 1060 1544 saltimdiscerni

13 1570 149 1645 possunt,
172 1557 226 1618 sed
254 1556 441 1637 synonymia
471 1550 513 1611 ob
537 1555 653 1616 multas
684 1553 948 1614 contradictiones
972 1552 1064 1614 diffi=

12 1647 79 1706 cilis
100 1652 152 1704 est.
196 1641 290 1701 Prior
312 1661 343 1700 α.
372 1646 510 1718 estquae
539 1633 644 1722 vulgo
667 1633 712 1700 V.
732 1644 908 1716 gemmata
930 1637 1062 1714 dicitur,

16 1728 61 1787 sed
84 1749 100 1787 e
121 1725 328 1804 descriptione
349 1721 411 1800 jnrn
436 1722 538 1780 elucet
556 1719 646 1794 hunc,
667 1741 738 1782 cum
766 1721 881 1798 prioris
901 1719 931 1780 b.
952 1721 1063 1780 analo-

19 1832 92 1890 gum,
116 1808 156 1868 nb
184 1807 322 1868 Achario
349 1805 549 1884 potissimum
577 1807 699 1886 respici.
744 1795 881 1863 Videtur
908 1825 982 1866 vero
1013 1798 1058 1864 V.

18 1899 187 1975 gemmata
210 1890 258 1950 Fl.
282 1885 432 1962 Deutsclr.
475 1909 505 1946 n.
532 1883 603 1955 167.
636 1887 699 1948 huc
731 1906 857 1968 qnoque
888 1883 1061 1964 referenda,

16 1987 199 2035 statnscum
221 1972 392 2056 priorisse.
415 1972 491 2033 adeo
515 1969 686 2050 airalogu53
719 1981 754 2030 ut
787 1971 854 2028 fece
885 1971 993 2030 eadem
1024 1989 1062 2030 ex

18 2059 135 2118 habitu.
199 2052 228 2113 i

14 2146 42 2177 **
60 2129 226 2203 Minores.
252 2138 426 2220 Apothecia
443 2135 769 2218 superficiali-adnata
789 2139 971 2213 (tenerrima
992 2137 1063 2219 cpi-

12 2223 158 2286 dermidis
179 2223 333 2306 pellicula
366 2221 547 2297 secedente),
581 2223 692 2284 nucleo
721 2223 855 2282 firmiori
884 2221 1063 2282 albidofar-

13 2319 69 2386 ctu,
99 2307 237 2388 collapsa
274 2299 305 2366 ἃ
340 2303 485 2364 abortiva
516 2303 934 2386 meculaelormi-applnnata
969 2297 1002 2362 ἃ
1030 2305 1063 2366 in

13 2391 148 2450 maculas
170 2387 415 2450 Arthonioideas
440 2387 581 2448 dilatata.
629 2389 777 2474 Anulogae
791 2383 964 2470 Splroeriis
984 2383 1064 2448 sub-

12 2473 116 2535 tectis.
192 2485 194 2488 '

93 2569 123 2626 1.
146 2557 180 2615 In
204 2555 309 2615 infima
330 2555 389 2616 huc
411 2576 513 2636 grege,
536 2576 605 2638 qum
633 2575 670 2616 ex
699 2555 907 2638 pai·tesimul
929 2575 1065 2636 regnum

12 2641 184 2720 fungorum
200 2641 298 2698 intret
310 2639 359 2716 (de
381 2661 443 2721 qun
466 2661 500 2700 re
521 2641 643 2722 plenius
665 2639 704 2700 ad
721 2633 892 2720 Strrgrnlae
915 2644 1066 2718 genus),e

12 2724 144 2784 diversis
168 2722 296 2782 videndi
318 2721 494 2782 rationibus
517 2724 624 2806 plures
655 2723 807 2799 distingui
839 2731 969 2804 possunt
992 2743 1065 2804 spe-

12 2807 70 2866 :ies
97 2807 120 2868 l.
144 2826 216 2866 cum
241 2805 453 2882 Wallrothio,
475 2807 515 2868 ad
537 2806 691 2887 Spliaerias
718 2805 885 2880 referente,
910 2807 942 2864 in
971 2826 1066 2868 unam

12 2891 172 2971 conjungi.
223 2887 360 2948 Diversoe
391 2890 500 2950 forense
534 2887 646 2949 habitu
679 2887 808 2970 quidem
841 2887 1003 2968 differunt,
1033 2899 1067 2954 at

12 2984 106 3034 tantae
126 2973 324 3033 diversitates
346 2975 377 3031 in
400 2975 508 3032 eadem
534 2971 693 3035 evidenter
713 2969 839 3030 obviam
863 2973 1008 3050 veniunt,
1030 2981 1068 3034 ut
1139 2979 1140 2984 ’

12 3077 126 3140 parum
150 3055 325 3116 essentiales
348 3057 419 3115 sint.
463 3057 575 3116 Crustu
608 3055 711 3114 nullas
741 3053 833 3114 offert
867 3055 1068 3138 differentius,

12 3141 67 3200 risi
96 3135 144 3201 V.
165 3135 345 3220 rhypontoe
366 3140 464 3214 Aen,
486 3160 555 3220 quoe
584 3157 708 3196 omnem
741 3139 948 3198 Lichenosam
974 3139 1068 3200 indo-

12 3244 72 3282 ,em
98 3221 259 3318 deposuit,
277 3223 399 3281 citeres.
442 3221 696 3282 Peritheciorum
737 3223 840 3282 forme
874 3221 965 3304 parvi
998 3243 1069 3282 mo-

12 3309 132 3380 nenti3
155 3304 280 3364 nullum
303 3307 432 3364 omnino
459 3304 592 3364 dubium
614 3305 694 3366 mitri
719 3317 871 3386 superest,
892 3304 1069 3384 ellipticam

12 3387 52 3448 V
47 3407 167 3452 erruc.
193 3383 414 3470 epidermiclis'
434 3383 466 3448 &
491 3383 612 3470 Gerasi
625 3391 715 3448 unice
738 3409 754 3448 e
773 3389 929 3470 peculiari
953 3388 1070 3448 harum

12 3471 169 3531 irborum
195 3469 396 3552 epidernridis
428 3474 661 3532 constructione
696 3472 840 3554 pendere.
883 3470 1071 3552 Magnitudo

12 3555 134 3614 rullius
168 3556 335 3632 momenti,
366 3575 437 3614 nam
456 3553 558 3636 ‘apud
585 3557 714 3638 citatam
748 3549 792 3616 V.
825 3549 1071 3636 epidermr'dem

12 3637 122 3696 ›lures
144 3637 204 3700 hoc
232 3639 352 3698 ratione
373 3638 460 3700 lusus
480 3639 636 3714 videmus,
662 3658 756 3720 quem
784 3657 891 3698 omnes
922 3635 1072 3698 differen-

14 3723 80 3780 ias.
99 3719 205 3781 Unice
219 3721 284 3782 lere
296 3731 411 3782 restant
427 3723 599 3805 perithecia
615 3721 780 3792 dimidiata
791 3714 821 3779 ἃ
834 3723 966 3800 integra.
990 3721 1071 3782 Cum

12 3823 77 3862 iaec
104 3803 285 3864 differentia
311 3825 454 3885 magnam
478 3815 601 3888 purtem
630 3805 768 3863 historin
802 3801 1071 3864 Verrucariarum

12 3885 145 3964 *fficium
173 3887 269 3968 paulo
289 3889 413 3968 plenius
438 3891 476 3948 'de
506 3889 562 3947 illu
584 3886 806 3946 disserendum.
851 3887 972 3970 Typice
999 3907 1074 3948 enm

12 3969 148 4048 pridem
174 3980 367 4030 constantem
381 3973 544 4048 habemus,
565 3972 615 4030 sed
629 3972 713 4028 varin
730 3973 851 4029 ratione
865 3979 1072 4050 temperatur.

12 4050 81 4112 Jbi
104 4051 192 4118 basis
211 4054 380 4138 perithecii
402 4056 562 4118 dimidiati
594 4052 743 4133 divergit,
764 4055 855 4132 cujus
874 4055 1076 4118 evidentissi-
