2470 4590
331 245 347 254 ,
387 215 600 315 curruum.
943 233 1031 306 ἲ65
1128 305 1130 311 ,

38 381 102 448 Exs.
124 381 220 450 Licin
243 382 338 448 Sues.
360 405 393 451 u.
417 393 448 462 ξ.
469 404 501 448 α.
520 393 556 450 et
575 381 605 462 ζ).
696 427 702 442 .
970 453 973 460 ⁴

42 465 264 532 *chlorellum
286 470 458 546 tenellum,
487 471 721 548 gracillimum,
749 475 928 560 apotbeciis,
946 476 1027 540 obo-

78 553 164 631 vatis‚
194 555 276 616 disco
300 551 426 613 demum
456 557 661 635 prominente.
703 558 800 637 Calic.
820 559 1024 627 chlorellum.

71 631 155 696 Au..
177 633 274 699 meta.
290 637 331 720 a.
353 645 403 710 95.
423 644 449 704 t.
471 645 501 706 ρ.
517 630 553 720 f.
574 645 604 706 5.
640 635 740 706 nau.
767 641 867 704 aaa.
883 663 919 724 p.
949 654 1024 716 aaa·
1081 635 1084 646 “

75 717 116 782 V.
137 717 183 782 A.
203 718 256 781 H.
281 717 349 782 l.·c·
372 727 464 792 1816
487 741 520 804 p.
543 727 616 791 267.
656 757 698 770 -
727 719 833 786 Turn.
869 735 902 786 et
919 721 1024 788 Borr.

72 801 91 864 l.
113 823 138 862 c.
157 821 190 886 p.
212 809 283 874 146.
303 805 369 864 Cal.
393 805 1025 892 nannetis.y.tiispidulurn.Arlr.·Liclz.

75 883 159 946 univ.
180 909 215 972 p.
228 899 300 959 937.
324 889 391 948 Cal.
399 887 606 968 lsispidulnrn.
620 885 662 949 V
657 895 697 957 et.
707 884 772 949 Ac.
783 887 919 952 Handl.
934 899 1027 962 1816.
1090 920 1095 932 ·

65 989 100 1052 p.
119 975 189 1044 268.
219 979 240 1032 t.
265 983 296 1042 8.
309 965 344 1054 f.
367 980 396 1042 9.
439 971 527 1032 Licb.
551 971 728 1032 anicularis.
763 967 870 1054 Engl.
900 969 985 1042 But.
1002 981 1025 1036 t.

66 1060 154 1124 2385.
197 1055 294 1116 Calic.
316 1055 543 1136 pinastrellum.
573 1053 664 1116 Aah.
697 1049 775 1116 Vet.
803 1051 1028 1140 Ac..'Hdndl.·

66 1145 153 1208 1817·
197 1183 205 1198 ·
224 1149 299 1212 237»
771 1189 775 1210 i

38 1217 103 1280 Exs.
125 1215 162 1282 F
171 1229 269 1284 otow.
292 1243 325 1284 n.
346 1226 399 1295 24.
428 1215 545 1282 Fldrk.
563 1242 594 1283 n.
613 1226 665 1290 65.

85 1305 140 1378 Ad
167 1311 325 1404 parietes
349 1308 497 1405 ligneae,
517 1308 668 1379 cortices
692 1303 865 1380 arborum
886 1304 960 1383 &a
987 1313 1028 1386 in

13 1405 154 1478 ilvaticis
177 1411 353 1482 montosis
376 1407 529 1480 abunde.

31 1577 34 1584 Ι
69 1507 187 1589 Species
211 1510 446 1570 distinctissime
471 1518 578 1568 crusta
600 1508 881 1594 subsquamulosa,
910 1529 928 1571 e
956 1514 1029 1594 pal.

13 1591 52 1650 ido
75 1593 273 1669 luscescente,
295 1592 668 1674 stipitibusgraoilibns,
696 1597 814 1674 pruina
839 1589 1031 1676 devoviridi,

13 1695 50 1732 ua
69 1677 237 1756 specimina
257 1679 427 1738 tenerrima
453 1675 610 1756 undique,
632 1679 858 1757 perfectissima
890 1681 1033 1757 margine

13 1769 103 1817 rutum
125 1759 373 1840 adsperguntur,
388 1757 533 1837 excipulo
556 1778 575 1816 e
592 1760 757 1820 turbinato
778 1760 1032 1837 lantiformi,di-

13 1859 38 1898 eo
58 1843 209 1922 primitus
224 1851 388 1923 compacto
410 1835 442 1899 &
459 1843 615 1919 laevigato,
631 1844 779 1924 sporidiis
795 1843 1028 1905 olivaceo-um·

14 1926 90 1984 riuis.
111 1959 152 1972 *-
177 1926 301 2004 Sedad
334 1937 449 2007 typum
473 1923 691 2004 reliquorum,
722 1929 880 2008 praecipue
903 1928 1028 2009 analogi

13 1999 58 2065 'nl
77 2005 270 2086 trachelinz}
291 2019 447 2068 mutatur.
491 2005 603 2067 Crusta
626 2019 664 2068 ut
685 2013 824 2068 serotina
845 2012 961 2092 passim
974 2012 1030 2072 de-

13 2091 59 2166 cit,
80 2089 130 2152 sed
153 2113 329 2174 numquam
355 2090 709 2172 leproso-deliquescens
739 2096 806 2153 visa
836 2103 901 2166 est;
933 2091 967 2153 b:
994 2117 1029 2156 rc

13 2191 51 2250 ssa
72 2174 159 2234 nullo
182 2177 279 2236 modo
300 2174 403 2236 differt
424 2177 482 2234 nisi
504 2185 615 2233 crustoe
643 2175 785 2253 granulis
811 2179 942 2236 minutis
971 2188 1029 2240 aut

14 2256 87 2333 ullis,
109 2259 263 2332 (ceterum
286 2259 461 2340 promiscue
485 2255 614 2323 obviam
638 2261 799 2334 veniunt);
826 2277 897 2322 uam
925 2259 1029 2321 discus

13 2339 169 2403 increscens
201 2343 317 2424 pendet
346 2363 363 2400 e
392 2351 477 2401 statu
506 2339 583 2403 disci
613 2341 710 2408 soluti
740 2341 926 2418 degenerato
955 2364 1030 2404 cnm
1101 2343 1108 2350 ’

13 2413 241 2502 Minotauri,
275 2421 308 2486 C.
325 2421 455 2507 peltata
487 2418 546 2482 &o
579 2423 657 2484 Ach.
690 2425 833 2503 analogo.
877 2423 933 2484 Est
954 2429 1031 2508 qul·
1133 2467 1134 2474 .

13 2524 54 2564 eru
81 2505 156 2570 huic
196 2508 342 2586 analogia
371 2517 539 2579 structurae
570 2499 603 2566 &
625 2507 851 2584 magnitudinis
887 2529 960 2570 cum
997 2501 1032 2570 0.

13 2595 84 2663 arto,
102 2604 134 2652 at
162 2593 257 2654 nulla
280 2593 407 2650 omnino
427 2590 573 2666 affinitas,
591 2599 631 2666 *ut
653 2609 690 2648 ex
708 2587 807 2672 hujus
819 2593 965 2672 excipulo
983 2597 1031 2652 ci-

13 2680 262 2752 ereo-pruinoso,
285 2672 551 2752 margine-saltim
574 2671 732 2736 albicante
740 2693 752 2750 ,⁸
771 2671 924 2754 'sporlidiis
945 2686 1031 2736 ater-

13 2755 69 2814 imis
90 2755 149 2819 &o
175 2758 273 2819 facile
292 2766 388 2840 patet.
433 2757 495 2816 Nec
516 2755 670 2837 ‘umquam
701 2757 733 2816 in
764 2765 878 2817 natura
908 2757 1051 2840 promi--

13 2859 52 2898 :ue
73 2844 172 2921 vidi,
198 2851 238 2901 ut
271 2863 333 2902 non
354 2839 498 2908 dubitem
517 2859 628 2898 eorum
657 2839 805 2898 unionem
836 2851 937 2900 ortam
969 2860 1032 2904 esse
1123 2829 1131 2846 '

13 2941 22 2980 ι
57 2923 285 3004 speciminibus
325 2926 493 3003 utriusque
534 2923 668 2982 vetustis
705 2922 876 3000 denigratis
912 2943 930 2984 e
967 2925 1036 2986 solo

13 3007 74 3066 itali
110 3009 248 3068 divulsis
277 3008 478 3088 comparatis.
528 3005 564 3064 ln
599 2997 634 3064 C.
682 3001 824 3064 litorello
857 3007 1034 3090 hypotbal-

13 3109 32 3146 rs
51 3091 194 3152 albicans
218 3111 278 3172 pro
307 3100 511 3170 vernerusta
535 3092 657 3148 sumtus
686 3088 759 3160 fuit.
801 3088 902 3172 Hujus
923 3101 1034 3169 status,

13 3175 37 3230 ui
62 3169 132 3234 Cal.
156 3169 373 3254 lrispniulnm
394 3171 483 3247 Ach.,
508 3171 646 3250 excipuli
671 3171 774 3230 forma
796 3167 828 3232 dt
850 3174 935 3234 disco
957 3195 1035 3254 pro·

14 3256 122 3332 incute,
139 3257 218 3318 licet
243 3255 336 3336 longe
356 3266 495 3316 ceterum
515 3255 643 3314 tenuior
666 3256 717 3328 sit,
740 3235 926 3316 Cercrtum
940 3277 1036 3338 pror-

13 3359 30 3396 is
51 3341 163 3416 refert,
190 3348 229 3398 ut
247 3359 285 3398 er
312 3340 372 3404 hoc
404 3338 498 3398 facile
523 3335 724 3398 concluderes
762 3333 800 3412 ’0.
816 3345 950 3400 ourtum
974 3355 1037 3398 esse

13 3422 141 3502 talogam
164 3423 453 3500 degenerationem,
473 3443 533 3482 non
555 3413 590 3480 C.
607 3415 858 3503 pkoeocepbali,
888 3421 941 3480 sed
964 3417 1035 3485 Cal.
1073 3472 1076 3484 ,

13 3503 207 3580 alieniores,
228 3506 314 3587 quod
337 3525 412 3566 vero
435 3505 530 3584 hujus
548 3505 685 3586 genuina
705 3505 914 3583 vegetationis
933 3503 1036 3572 histo·-
1104 3565 1111 3580 ,

13 3587 221 3648 ndissuadet.
264 3589 332 3650 Hoc
354 3587 419 3650 Cal.
441 3587 632 3650 chlorellum
666 3587 712 3646 nil
736 3588 794 3646 nisi
819 3585 956 3650 formam
990 3598 1040 3648 te-

13 3669 92 3730 ellam
115 3671 340 3753 imperfectam
364 3671 460 3755 hujus
491 3671 668 3755 speciei‚.e
701 3669 773 3746 loco,
797 3668 887 3730 arido
910 3665 942 3732 &
964 3691 1037 3742 um-

13 3771 70 3812 'oso
91 3766 235 3832 enatam,
254 3760 371 3816 centies
396 3778 468 3818 sanc
490 3760 523 3816 in
547 3755 638 3814 rimis
667 3747 825 3832 parietum
855 3753 1036 3834 ligneorum

14 3835 134 3916 dimus,
152 3847 189 3898 at
216 3859 254 3899 ue
286 3842 386 3900 omnis
420 3839 563 3917 analogia
601 3835 725 3916 probat.
770 3833 856 3898 Hanc
879 3837 1036 3899 Wahlcu-

13 3923 163 3997 rrgiauam
191 3859 230 3982 (bt
254 3932 393 3982 nostram
424 3922 533 3984 Sched.
567 3919 647 3980 Grit.
671 3919 692 3978 l.
717 3939 744 3980 c·
768 3918 978 3982 limitationen
998 3940 1036 3978 o·

13 4023 59 4064 nes
82 4007 278 4071 recentiores
300 4007 466 4089 rejiciunt,
497 4006 725 4082 distinguentes
746 3995 828 4076 a&
855 4003 884 4084 *,
909 4001 942 4064 b.
964 4023 1037 4066 cum
