2470 4590
400 187 624 320 mmmu.
961 261 1026 336 a„

10 426 86 492 bed.
111 426 190 488 Crit.
205 423 234 486 i.
259 441 286 488 ez
308 441 331 482 s.
354 418 517 504 pdiscum
538 419 690 503 primitus
711 415 1027 507 flavo-pulverum

8 534 42 574 m
67 513 129 594 pro
152 509 247 590 hujus
270 507 424 587 primario
448 504 620 570 habuimus
647 504 838 584 charactere.
869 509 947 587 (Gsr.
969 515 1025 575 in.

8 617 66 679 per
89 590 220 678 Lycop.
243 589 423 656 Boviatcm
444 586 475 648 S.
496 587 540 648 M.
563 586 618 647 111.
643 607 674 670 p.
695 593 759 667 31.)

8 715 51 804 io.
77 697 315 784 CALICIUM
341 706 642 794 disseminatum,
653 719 773 780 crusta
799 705 942 808 leprosa
965 715 1025 788 vi·

16 813 94 886 ridi
119 809 319 897 albicante,
354 804 557 907 apotheciis
588 804 830 906 substipitatis
858 812 1027 910 globoso-¹

16 903 293 988 lenti'sormibus
315 912 421 993 atris,
451 907 635 1006 praecipne
662 909 762 982 disco
787 911 1025 991 olivaceo-ni.

15 1043 93 1116 gro,
119 1015 291 1112 primitus
327 1010 478 1085 obscure
522 1008 856 1110 viridi-pruinosis.
910 1022 1024 1094 libies

15 1118 443 1214 mnamnrpp
1076 1119 1085 1154 1

18 1215 215 1300 Cypheiinm
239 1215 484 1277 disseminatum.
516 1209 606 1275 Act.
638 1211 673 1276 in
696 1209 773 1277 Ver.
796 1211 863 1276 Ac.
886 1207 1024 1287 Herodi.
1136 1259 1138 1268 .

49 1309 146 1371 1817·
168 1319 203 1383 P·
222 1308 296 1371 227.
323 1304 345 1362 t.
366 1305 396 1366 8·
410 1287 447 1379 f·
462 1305 498 1366 3.
515 1295 857 1381 C.subpediceiiatum.
881 1291 1022 1364 Sobaer.

48 1379 216 1448 Naturw.
236 1378 326 1444 Anz.
348 1390 439 1452 1821.
463 1379 497 1444 C.
519 1383 720 1444 atomarium.
736 1375 872 1444 Flotow
894 1375 931 1440 in
949 1380 1023 1445 Re-

43 1461 167 1549 genab.
194 1461 268 1526 Bot.
291 1460 382 1528 Zeis.
415 1471 506 1534 1828.
557 1469 661 1533 .600.
703 1483 739 1524 ex
759 1466 896 1524 maxima
919 1475 1022 1546 parte,

49 1549 104 1610 sed
129 1550 233 1610 forma
254 1551 276 1618 4
294 1569 364 1610 meo
384 1567 473 1609 sensu
503 1483 555 1608 adJ
581 1551 716 1630 speciem
741 1545 897 1629 quandem
930 1552 1022 1612 seriei

50 1633 295 1709 Glaucescentis,
318 1633 421 1693 forma
451 1635 472 1701 5
500 1630 726 1710 Fuseeseentis,
760 1611 822 1691 &o
855 1641 893 1692 ut
922 1641 1023 1694 status
1137 1685 1143 1718 ,

48 1717 229 1799 imperfecti
274 1718 429 1792 ertinent.)
494 1739 499 1746 ·
975 1725 980 1732 “

22 1797 98 1860 Eas.
121 1794 214 1860 Licb.
269 1815 337 1860 uec.
362 1817 395 1859 n.
418 1803 468 1872 16.
1032 1859 1045 1884 s

69 1880 129 1956 Ad
154 1882 250 1980 ligna
280 1895 429 1967 vetusta,
456 1898 602 1956 truncos
640 1881 779 1960 Abietis
815 1882 1018 1960 decortica-

8 2013 23 2060 s
51 1983 124 2056 &o
149 1985 190 2056 iu
214 1984 391 2058 silvaticis
423 1985 599 2081 montosis
624 1983 797 2058 abundat.

47 2103 160 2164 Primo
186 2099 304 2162 obtutu
326 2121 386 2184 pro
405 2103 509 2164 forma
533 2102 648 2168 mutila
678 2095 711 2163 ἃ
741 2101 928 2183 degenerata
957 2105 1023 2168 aii·

22 2185 139 2268 speciei
162 2185 256 2244 facile
277 2188 428 2264 sumitur,
450 2186 503 2247 sed
527 2179 560 2247 dt
580 2188 647 2267 ipsa
671 2188 805 2248 maxime
836 2197 945 2269 protae
975 2199 1022 2252 est

8 2271 80 2330 rmis
101 2266 178 2328 bene
199 2267 337 2329 evolutis
360 2261 392 2329 &
414 2267 545 2345 multis3
569 2288 642 2329 cum
659 2269 749 2329 nulio
766 2270 1021 2350 precedentium,

9 2370 142 2434 quarum
165 2353 245 2414 serie
262 2361 366 2412 tamea
388 2352 567 2416 luculenter·
583 2363 640 2429 est,
658 2353 807 2434 conjungi
851 2363 949 2428 otest;
987 2351 1034 2418 δι’
1115 2345 1123 2362 '

9 2435 124 2494 ouiiari
146 2435 272 2494 omnino
294 2437 499 2515 vegetationis
530 2436 687 2512 historia,
714 2453 793 2516 saepe
852 2433 932 2502 alic.
954 2437 1022 2500 tri-

9 2513 104 2592 ¹iulia,
124 2518 177 2576 vix
200 2537 276 2578 vero
291 2520 437 2600 priorum
456 2520 626 2596 societate,
653 2518 780 2598 gaudet.
823 2518 934 2580 Crusta
957 2520 1023 2582 bu·

9 2599 217 2660 eluculenter
236 2601 383 2682 entoxyia
408 2611 472 2678 est,
503 2623 559 2684 per
593 2602 715 2681 lignum
742 2602 1022 2682 argentam—deco·

10 2694 108 2744 ratum
131 2691 167 2742 ut
195 2683 317 2744 soredia
338 2683 630 2746 virescenti-albida
653 2685 793 2764 erumpit
814 2678 1021 2766 &hincnor·
1117 2754 1126 2774 ἱ

10 2768 97 2828 iliter
117 2766 250 2848 leprosa,
272 2788 332 2828 non
350 2768 461 2832 effusa.
504 2767 680 2849 Apothecia
717 2785 752 2826 re
785 2769 851 2849 ipsa
876 2769 1022 2849 stipitata

10 2861 53 2926 at,
79 2847 135 2910 sed
163 2851 257 2931 stipes
278 2850 469 2932 pierumque
497 2850 585 2930 ligno
608 2853 773 2910 immersus
803 2859 868 2928 est,
906 2855 1021 2932 passim

12 2953 46 2992 ro
69 2935 164 2994 etiam
192 2951 345 2994 emersus*
364 2933 508 3014 gracilis,
542 2935 640 3013 niger·
683 2933 801 2993 Forma
836 2935 1023 3015 apothecio·

13 3036 43 3076 m
66 3017 218 3098 primaria
246 3015 376 3095 globosa
393 3025 449 3078 aut
474 3035 547 3077 cum
570 3017 683 3100 stipite
707 3013 1022 3095 globoso-turbinata

11 3119 34 3173 :3
53 3099 194 3177 margine
215 3098 370 3179 obsoleto,
391 3100 476 3160 disco
498 3119 621 3182 semper
644 3100 750 3162 soluto
771 3099 946 3162 evidentius
960 3101 1022 3161 ob-

11 3203 60 3244 rre
78 3211 119 3230 -
138 3169 206 3256 (nec
218 3179 331 3259 flavo·)
351 3183 711 3265 virescente-pruinos03
744 3181 815 3244 dein
835 3197 1037 3251 evauesceu-'

24 3267 142 3350 pruine
164 3265 251 3326 varie
268 3268 442 3348 explicata,
469 3266 555 3328 disco
582 3285 661 3350 saepe
682 3267 909 3351 prominente„
937 3265 1021 3350 Spo-

11 3347 53 3412 lia
73 3347 451 3429 viridi-olivaceossnigra.
639 3402 645 3416 ,

70 3433 153 3478 “⁶³²⁶
172 3433 379 3508 Aterrima.
404 3431 604 3534 Apothecia
634 3445 710 3508 tota
745 3433 917 3506 aterrima
952 3457 1021 3508 nu·

12 3546 105 3608 tant
131 3538 413 3632 atro-pruinosa.
527 3577 532 3581 ·

67 3633 184 3694 Omnes
206 3635 301 3716 hujus
324 3637 415 3696 seriei
437 3637 552 3718 species
574 3637 692 3715 exiguas
709 3625 900 3707 &breviter
923 3641 1019 3721 stipi·
1113 3667 1119 3678 ¹

13 3721 45 3772 tae
68 3727 149 3794 sunt,
171 3717 350 3802 habituque
369 3721 502 3803 proprio
522 3739 541 3779 a
561 3717 724 3802 prioribus
742 3716 882 3795 diversa,
899 3731 936 3784 ut
953 3733 1018 3784 sta·
1063 3724 1064 3732 ’

15 3801 188 3878 spriornm
209 3781 295 3863 hoio
326 3801 347 3869 i.
376 3805 491 3884 pruina
521 3800 654 3863 evanida
685 3803 911 3882 nigrescentes,
944 3827 974 3866 v.
994 3827 1021 3869 e.

13 3875 188 3944 vluaubtile
209 3880 250 3962 Iri,
286 3885 435 3946 huonon
466 3885 528 3946 sint
546 3881 719 3946 referendi.
762 3883 848 3945 Inter
879 3909 911 3950 se
937 3909 1021 3971 quo·

13 3983 35 4020 re
58 3967 153 4046 magis
174 3965 452 4052 differunt,·quam
510 3971 631 4028 riorum
661 3969 832 4045 serierum,
870 3991 941 4032 nam
973 3971 1022 4034 he
1099 4023 1101 4027 .
1226 3975 1227 4030 i

14 4066 60 4124 [ne
80 4050 162 4110 inter
181 4056 213 4114 s'e
233 4051 340 4114 affines
361 4071 398 4112 ao
423 4051 460 4122 ΩΙ
501 4052 581 4113 onie
604 4049 742 4132 ejusdem
763 4049 911 4135 seriei&
926 4055 1022 4120 sibus
1226 4067 1227 4078 ¹
