2470 4590
363 194 657 276 VERRUGARM.
996 201 1068 278 ,437

52 345 90 428 Β.
123 375 231 432 crusta
269 368 369 450 grisea
403 377 460 436 aut
501 370 636 434 marina.
687 363 821 447 Versae.
849 367 1067 444 Harrimannit

90 447 181 513 Act.
204 472 276 537 ayn.
301 471 338 534 p.
361 457 412 523 93.
435 453 504 534 ipso
536 460 623 540 teste.
676 451 765 512 Lich.
790 447 897 535 Engl.
928 447 1007 512 Bor.
1039 457 1061 511 t.

55 543 212 678 maffia
227 629 587 701 roseo-purpurascentes
600 621 666 695 (Ἢ
683 616 776 678 axido
790 620 958 698 Mangani”
971 619 1062 699 Mey-

91 707 137 779 er)
159 700 328 760 Verrucar.
361 721 601 784 purpurascens.
643 691 786 785 Hoffm.
816 698 868 763 Pl.
902 697 1002 762 Licin.
1038 707 1061 759 t.
1120 721 1123 728 “

88 776 193 867 1·ss-
214 793 255 854 3.-
295 779 377 844 Dec.
398 783 461 848 fir.
481 796 513 858 2.
530 805 568 868 p·
590 794 664 854 aar.
991 848 995 858 .

110 871 170 945 Ad
196 895 283 946 saxa,
304 867 464 946 ¹calcanea
492 870 649 968 ubiqne;
668 872 779 942 etiam
804 871 844 942 in
869 872 969 943 testis
994 870 1064 940 Le-

14 973 145 1076 padum
182 969 221 1043 &
250 969 474 1044 Patellarum
508 977 605 1072 juxta
638 973 744 1044 litora
785 973 897 1044 maris
932 970 1070 1066 (Some

14 1081 118 1172 mers.
144 1075 275 1169 Lapp.
294 1097 337 1168 p.
367 1071 484 1170 1=39);
509 1071 573 1145 sed
600 1099 629 1144 c.
656 1085 798 1146 tantum
837 1073 877 1144 in
913 1073 1060 1172 Europa

14 1175 168 1250 australi.
212 1172 397 1266 anonr!
422 1177 675 1271 Montagnel.

95 1277 207 1337 Crusta
238 1272 336 1356 hujus
365 1275 500 1356 speciei,
531 1275 732 1358 aliarumque
760 1274 936 1358 apotheciis
962 1271 1060 1332 simili

14 1345 105 1424 modri
121 1379 203 1433 saro,
221 1364 258 1415 ut
275 1365 418 1440 apparet,
437 1358 605 1438 insculptis
625 1359 778 1434 calcaneo,
792 1361 824 1417 in
847 1379 912 1440 qno
927 1355 985 1416 sub
1003 1355 1062 1414 hac

14 1451 116 1509 forma
139 1449 263 1502 tantum
283 1449 468 1516 occurrunt,
487 1441 688 1501 carbonatem
719 1441 872 1502 calcinum
897 1439 1061 1512 assimilat,

14 1541 45 1592 nt
71 1535 179 1589 crusta
197 1523 303 1584 senilis
315 1545 350 1584 re
363 1524 431 1605 ipsa
452 1525 766 1606 gypsaceo-calcarea
788 1533 940 1605 appareat
965 1520 1063 1606 (quod

14 1615 84 1675 nlim
108 1610 202 1670 caleis
223 1608 389 1667 crescentis
410 1611 565 1668 rationem
586 1607 739 1683 obtulit);
760 1609 812 1669 sed
835 1611 865 1668 in
891 1608 962 1666 aliis
990 1625 1062 1666 sax·-

14 1701 45 1774 is‚
65 1697 163 1756 etiam
191 1691 276 1750 calce
304 1689 482 1770 durissima,
513 1700 619 1751 crusta
652 1711 670 1750 a
697 1709 770 1750 saxo
798 1691 898 1770 rnaffl's
926 1689 1062 1751 discreta

14 1788 124 1854 manet,
148 1768 181 1834 δί
201 1773 377 1855 perithecia
398 1783 511 1834 crustae
533 1783 667 1850 tantum,
691 1793 749 1833 nec
783 1795 877 1850 saro,
911 1774 1063 1856 impressa

15 1863 167 1923 ridentur.
211 1857 249 1940 In
274 1857 333 1916 hac
356 1859 459 1938 specie
481 1857 537 1917 ille
562 1867 661 1917 status
686 1857 924 1934 vulgatissimus
952 1867 997 1916 est
1028 1847 1063 1914 ἃ
1108 1913 1111 1918 .

14 1949 96 2006 vario
118 1941 213 2002 modo
235 1949 388 2000 mutatur.
432 1940 529 2000 Color
549 1951 660 2000 crusta
688 1940 794 2000 eadem
827 1940 894 2020 lege
916 1949 1063 1998 mutatur

14 2031 43 2089 in
58 2025 102 2089 V.
118 2019 293 2097 conotdea,
304 2014 486 2104 anonrer‘
502 2016 562 2083 &a
577 2027 621 2084 'nt
642 2026 720 2084 certi
747 2027 846 2086 simm
865 2045 902 2084 eo
924 2023 1063 2085 diversas

14 2132 71 2172 non
102 2108 236 2169 indicari
261 2107 389 2187 species,
409 2110 568 2188 praecipue
581 2127 653 2168 curn
671 2106 828 2171 evidentes
845 2107 942 2168 simul
963 2105 1068 2166 adsint

14 2195 171 2252 transitus.
215 2190 250 2249 ln
264 2191 378 2248 crustis
397 2187 604 2251 crassioribus
628 2189 796 2271 magisque
809 2213 829 2250 n
849 2191 981 2252 matrice
998 2190 1064 2248 dis-

17 2277 103 2338 cretis
136 2272 311 2356 perithecia
335 2275 483 2352 margine
508 2272 650 2335 thallode
679 2295 802 2354 semper
828 2284 939 2361 aperto
971 2294 1065 2333 coro·

19 2369 137 2422 nantur.
181 2356 359 2440 Apothecia
378 2359 512 2433 minuta,
532 2359 705 2435 regularia,
731 2357 831 2433 laevia,
856 2355 943 2417 haud
969 2357 1065 2437 prui-

17 2461 105 2515 nosa3
128 2441 267 2526 collapsa
293 2437 459 2503 Leeideam
485 2439 638 2515 referunt,
668 2441 689 2502 l.
712 2440 818 2522 elapsa
839 2439 946 2500 foveas
964 2436 1064 2499 relin-

16 2533 123 2610 quunt.
263 2525 269 2547 ¹
1043 2531 1047 2546 ⁸

16 2615 45 2698 β.
65 2613 112 2683 V.
144 2611 300 2697 Ioevatm
327 2620 447 2680 crusta
479 2606 625 2680 demum
662 2607 1065 2706 tartareo-pulveracea,

63 2710 265 2808 apotheeiis
301 2709 459 2806 globosis
489 2709 640 2806 integris
678 2711 871 2784 denudatis
901 2709 1065 2782 semiim·-

61 2813 203 2896 mersis,
231 2809 506 2896 collabescendo
532 2810 767 2886 umbilicatis'.
1049 2816 1052 2825 “

65 2926 211 3012 Sphaeri'a
237 2929 399 3010 rupestris.
444 2921 593 2988 Sowerb.
607 2923 718 3012 fang.
744 2937 766 2990 t.
780 2937 855 3000 371.
870 2920 905 3012 f.
918 2937 948 2999 2.
970 2925 1064 2992 Verr.

102 3012 215 3072 laevata
236 3009 353 3090 (cr-rista
375 3009 481 3071 adhuc
504 3009 634 3093 juvenili
665 3011 809 3092 laevigata
831 3013 1070 3078 virescenti-als

93 3091 148 3170 ba)
176 3087 210 3155 &
242 3093 280 3154 V.
303 3094 457 3154 trachona
483 3097 601 3170 (crusta
634 3093 915 3175 leproso-tartarea
945 3093 1066 3174 albida)

97 3173 189 3240 Aen.
213 3200 232 3238 a
251 3197 283 3237 rr.
304 3197 337 3258 p.
362 3180 414 3254 94,
439 3184 490 3249 96.
513 3177 567 3238 vix
587 3179 705 3262 aptiori
728 3179 798 3242 loco
818 3179 957 3242 citanda.
1050 3234 1055 3242 .

61 3257 132 3320 Exs-
157 3198 258 3323 Lici.
283 3256 379 3324 Sues.
402 3281 434 3322 n.
451 3265 525 3332 416.
560 3321 564 3330 ,
866 3345 871 3352 ι
919 3248 928 3270 ’

112 3345 172 3426 Ad
197 3371 280 3417 saxa
307 3346 494 3430 schistosa,
514 3357 656 3419 cotacea
673 3340 744 3429 &a
763 3347 995 3419 formationis
1009 3370 1066 3418 re-

23 3447 211 3521 centioris·
243 3447 287 3518 In
311 3447 437 3520 Snecia
461 3471 535 3520 non
562 3472 655 3532 raro.

100 3548 186 3610 Loco
207 3540 240 3609 ἃ·
260 3547 435 3630 apotheciis
457 3549 563 3610 minus
580 3557 668 3608 arcte
689 3545 954 3610 collabentibusa
976 3547 1068 3628 prio·

19 3631 47 3692 ri
69 3655 100 3700 α.
121 3631 241 3708 differt,
263 3651 400 3694 necnon
419 3643 527 3694 crusta
551 3630 639 3692 haud
659 3632 994 3712 calcaneo-compacta,
1015 3627 1069 3690 sed

23 3709 64 3772 he
84 3715 268 3776 differentiae
287 3735 306 3796 a
326 3716 397 3777 loco
416 3716 553 3798 pendere
569 3713 736 3790 videntum
748 3717 863 3776 adsunt
876 3714 1069 3794 saltimspe·

24 3799 131 3860 cimina
152 3797 242 3876 autb
271 3797 427 3882 palpabili
456 3799 639 3861 charactere
666 3798 847 3898 separanda.
896 3796 932 3858 ln
964 3802 1072 3858 crusta

24 3883 155 3943 tenuiori
173 3882 342 3964 apothecis
360 3881 492 3964 sessilis,
510 3883 544 3948 ln
559 3877 958 3959 cressionjemlimmersa,
975 3895 1071 3940 num·

23 3981 111 4042 quam
132 3985 209 4027 aero
229 3963 397 4050 insculpta.
