2436 4594
174 213 313 311 aa„
527 175 1010 290 »amauma‘

176 389 245 478 pud
259 406 316 452 nos
337 384 378 451 ad
393 382 762 468 ‘Recidem'revergercu
779 381 990 450 Lamenta
1001 389 1077 453 inter
1089 385 1140 454 b'as
1150 394 1195 454 ires

176 475 293 540 tribus*
308 470 606 552 omninoambig'rt.
649 475 799 535 Attamen
830 467 872 532 ob
905 471 1051 534 habitum
1077 478 1196 537 consini·

179 561 244 622 lem
268 559 410 618 omnium
441 555 635 616 normalium
655 554 988 638 Graphidearum,vix
1006 558 1198 620 ullusdnbiut

148 689 152 701 f
179 643 304 705 easdem
326 649 363 700 ut
376 639 569 721 peculiarem
599 641 768 700 sectionem
792 637 996 702 considerare.
1028 673 1070 689 -·
1095 641 1197 702 Potissi-

181 745 270 788 mum
292 725 430 807 tropicas
449 721 631 783 inhabitant
655 725 813 801 regiones,
842 724 873 780 in
895 722 1013 805 quibus
1037 727 1067 784 in
1089 726 1198 806 plurim

181 809 363 873 luculenter
385 806 508 866 diversa
526 823 641 884 genera
663 803 915 883 (observantibus
935 809 1048 888 primis
1067 807 1205 870 Eschatia

65 945 67 950 .
182 893 231 956 ler
254 886 288 952 ἀ
304 889 383 964 Fae)
404 889 533 950 abeunt.
576 885 694 950 Versus
721 889 965 968 septentrionem
991 891 1151 954 admodum
1168 871 1205 950 rai

182 983 319 1038 resonat.
362 971 490 1032 Restant
522 973 652 1056 quidem
686 973 719 1033 in
747 971 879 1052 Europa
915 976 1049 1035 australi
1082 995 1196 1056 ganeruo

181 1061 382 1144 tropicorum
400 1057 550 1134 vestigia,
578 1055 630 1116 sed
652 1057 730 1117 adeo
762 1053 925 1132 obsoleta,
962 1055 1007 1115 ut'
1022 1060 1143 1118 exoticis
1162 1077 1196 1116 nu

183 1142 319 1222 cognitis
340 1139 406 1200 hac
428 1157 449 1198 a
467 1141 600 1212 centrali
623 1132 849 1222 Opegropboe
875 1156 989 1218 genere
1014 1139 1195 1218 distinguenda

182 1227 237 1288 vix
259 1231 556 1304 sepa1·arentur.·-
578 1221 607 1284 E
628 1223 789 1298 corticolis
817 1221 1014 1304 Lapponiaru
1043 1227 1139 1306 ipsam
1155 1235 1194 1280 tar

183 1319 256 1372 turn
279 1309 378 1367 intrat
399 1314 499 1366 status
523 1305 579 1380 ille
596 1303 805 1366 deformatus·
820 1305 999 1366 ''Arthonia
1024 1307 1156 1368 radiata”
1170 1305 1205 1362 di*

184 1401 268 1467 ctus,
289 1391 321 1450 in
342 1387 536 1450 Nordlandia
554 1387 847 1472 primumobviam
868 1387 954 1449 ven'it
977 1388 1015 1450 0.
1041 1390 1157 1449 rimalis
1171 1389 1194 1446 ll·

185 1473 218 1536 la
239 1493 297 1556 per
318 1471 475 1556 reliquam
501 1471 645 1532 Sueeiam
667 1471 846 1552 explicatur
868 1471 964 1531 simul
989 1475 1022 1533 in
1050 1467 1089 1534 0.
1109 1479 1196 1534 utrm

185 1557 252 1620 hec
273 1563 357 1617 certe
378 1557 411 1614 in
437 1547 640 1632 Omariam,
658 1553 843 1635 acceditque
865 1548 1055 1639 Oscripta.
1096 1555 1197 1636 Reliqua

186 1660 294 1702 omnes
336 1639 469 1698 extimas
508 1639 688 1720 provincias
729 1637 869 1698 litorales
906 1647 1031 1701 tanturn
1066 1642 1197 1716 attingunt.

186 1723 310 1784 Summi
333 1721 482 1802 ponderis
503 1731 549 1782 est
570 1721 636 1782 haec
656 1719 865 1802 geographica
894 1721 1082 1785 distributio
1111 1732 1164 1781 tam
1178 1721 1196 1778 d

186 1809 303 1890 species
326 1803 574 1884 distinguendas,
605 1825 646 1864 v.·
661 1825 689 1866 c.
709 1801 837 1864 infinitae
864 1798 907 1866 Ο.
922 1801 1106 1888 herpetmoe
1126 1805 1196 1864 sarm

186 1889 304 1950 eisdem
325 1887 485 1949 limitibus
505 1889 751 1967 circumscripta
770 1898 866 1965 sunt,
894 1907 992 1970 quam
1020 1890 1196 1971 praecipato

187 1975 306 2034 formas
327 1970 488 2031 abortivas
509 1969 767 2032 determinandas.
810 1969 937 2032 Abeunt
957 1991 1069 2055 nempe
1093 1975 1197 2051 plurim

154 2109 157 2122 ,
242 2057 304 2115 cies
326 2073 433 2115 versus
454 2056 627 2116 terminum
645 2073 750 2116 -suruu
774 2051 935 2116 borealem
962 2057 1046 2131 (cum
1072 2051 1130 2116 Gr.
1147 2050 1196 2113 das

188 2161 191 2168 ·
216 2135 317 2204 ridica
335 2135 414 2200 Aah.
436 2137 756 2198 tantum‘australior
773 2138 833 2212 sit,
867 2157 928 2197 non
962 2157 1023 2220 pro
1053 2140 1148 2199 forma
1164 2137 1196 2196 lr-

191 2220 377 2284 thonioidea
397 2219 534 2280 borealis
555 2220 594 2282 Ο.
611 2223 734 2302 scriptae
753 2219 911 2280 sumenda·
925 2229 991 2298 est)
1019 2222 1069 2287 vel
1090 2221 1195 2284 etiami

188 2325 264 2368 vera
285 2325 342 2365 sua
363 2306 468 2385 patria
491 2303 532 2364 ad
552 2305 684 2364 cortices
716 2303 851 2363 tenellos
885 2304 1045 2384 levigatos
1076 2313 1196 2366 nasorum

189 2383 384 2452 in'maoulas
405 2387 505 2466 magis
525 2386 682 2462 dilatatas,
698 2383 889 2448 confluentes
910 2391 1194 2469 immarginamsqu

188 2472 359 2536 Arthonia*
376 2490 473 2548 genus
490 2489 563 2530 cum
587 2469 746 2532 similibus
768 2471 881 2530 formis
904 2471 1080 2549 Parmelia,
1093 2473 1195 2532 Lecidez

191 2555 391 2616 Verrucariae
411 2554 563 2615 alliciunt.
605 2553 739 2614 Deseotu
761 2555 864 2624 cussis
881 2557 1020 2636 excipuli
1035 2558 1195 2634 marginalia

178 2647 229 2699 'ut
247 2639 381 2719 atypicae
401 2636 691 2716 dignoscuntur.--
705 2636 853 2698 Saxicolae
878 2640 1044 2720 aqualiter
1065 2637 1194 2718 magisde

155 2740 161 2756 ¹
190 2719 325 2782 tributa
350 2720 507 2782 videntur.
527 2752 568 2765 -
611 2719 645 2781 lu
668 2720 912 2782 australioribtrs
944 2725 1038 2784 terris
1069 2721 1194 2805 per-lectio

190 2805 287 2864 simul
301 2803 513 2885 explicantur,
522 2803 611 2886 lepra
632 2823 743 2885 nernpe
761 2823 820 2884 por
839 2815 977 2866 stratum
996 2805 1194 2880 corticatean

192 2879 387 2969 e'pidermide
405 2889 522 2970 *matris
541 2885 712 2970 conflueps,
741 2887 816 2952 hinc
849 2888 920 2950 inde
943 2891 1082 2972 erumpit
1102 2881 1194 2950 &stu

185 2989 245 3052 ¹tna
265 2969 424 3052 quoddam
442 2959 587 3052 spurium
610 2960 787 3052 apothecils
806 2971 1041 3048 subministrat,
1070 2969 1145 3032 unde
1166 2987 1194 3048 gr

191 3073 266 3114 nera
292 3045 450 3134 thptis,
469 3047 724 3136 Sarcog‘roplra
746 3049 1022 3128 aaaMedzrsala
1034 3050 1195 3129 aschand-

195 3133 485 3216 steriscoMeyeu'
525 3138 690 3214 Quatenus
713 3137 779 3197 lraec
801 3137 979 3198 differentia
999 3139 1040 3200 ad
1053 3139 1105 3199 bas
1122 3138 1196 3196 distin

189 3217 502 3298 guendas'sulliciat‚
526 3221 617 3280 nulla
640 3222 740 3301 specie
771 3223 906 3301 genuina
937 3221 1143 3304 (Opegrapbas
1163 3219 1196 3279 ir

194 3321 268 3362 rum
289 3301 470 3362 charactere
490 3303 658 3380 gaudentes
681 3303 759 3380 vidi)
786 3299 816 3364 in
840 3314 952 3364 natura
974 3315 1140 3388 persecuta,
1155 3319 1195 3362 aet

194 3381 296 3464 dubia
316 3406 351 3448 su
377 3386 490 3467 primo.
533 3383 655 3469 Utique
688 3385 737 3449 he
764 3386 949 3465 differentias
980 3389 1129 3450 evidentes
1144 3403 1193 3445 ne

193 3468 227 3528 in
255 3463 346 3552 thp
397 3463 627 3552 labyrinthica
653 3469 743 3547 ach,
764 3471 816 3534 sed
838 3465 893 3536 Οἱ.
912 3469 1039 3553 tricopa
1059 3474 1140 3531 etiam
1155 3471 1193 3530 sin

190 3549 251 3612 illo
277 3552 447 3632 pulviculo
469 3555 628 3630 occurrit3
656 3537 689 3614 ἃ
719 3555 752 3616 in
783 3553 930 3616 omnibus
948 3553 1193 3637 formislburopte

190 3633 277 3696 mihi
293 3637 427 3715 cognitis
449 3635 513 3696 hac
532 3647 691 3697 momenta
715 3637 735 3698 l.
759 3657 889 3719 prorsus
909 3637 1105 3702 accidentalia
1125 3637 1139 3696 l.
1156 3649 1192 3693 tm

193 3735 309 3799 parum
332 3718 501 3800 euidentia,
523 3729 560 3778 ut
588 3722 620 3780 in
651 3721 747 3780 Flora
769 3713 924 3804 Europaeo
946 3720 1011 3785 baec
1027 3741 1123 3802 genera
1140 3723 1193 3778 inse·

192 3819 265 3860 rere
287 3821 347 3862 non
378 3800 555 3874 debuerim.
596 3795 817 3888 Cl'n'Opegr.
838 3799 1023 3889 scriptam,
1055 3801 1088 3868 0.
1109 3797 1193 3882 bespe-

118 3923 121 3930 Δ
197 3876 840 3970 ,τίοαηῃῙιῑ1ὶῑάιιδαίςιηιδίαῐάλιῑειιιῑιιηιλ
868 3883 1193 3968 observem‚differeam

188 3959 308 4068 borum
329 3985 496 4064 generum,
517 3969 612 4054 facile
633 3961 1016 4056 diceremabaormium,
1047 3969 1192 4036 nuruum·
