2546 4610
192 259 393 359 morti:
435 244 443 334 ἒ
531 329 538 376 ·.
560 271 957 362 Morououoomt

194 461 613 568 -fcrveas'recipiootur.
652 469 782 573 liujus
811 471 936 544 saltim
974 470 1047 546 loci
1086 495 1163 546 erse
1187 495 1246 543 cre·

204 574 328 646 dimus
358 597 389 644 v,
417 599 448 672 g.
475 574 710 668 Conservam
736 577 895 670 nigram
924 573 1046 659 Roth„
1071 577 1112 647 C.
1137 575 1247 646 ‘ebere-

203 703 268 758 am,
290 673 418 748 Dillw.
451 676 490 745 C.
520 699 743 769 pannosam
767 674 877 748 Weba
909 674 949 748 tit
975 676 1104 760 Motu,
1141 679 1246 774 Scyto·

205 801 323 874 nemo
346 773 550 872 repens&
578 781 766 858 minutum
791 780 878 878 Ag.,·
904 779 968 850 sed
997 780 1095 850 inter
1129 791 1244 849 tantam

202 880 348 977 copiam
395 893 604 976 synonyma
643 892 825 951 certorum
860 882 1068 978 specierum
1107 878 1246 952 absolute

204 981 453 1052 determinare
479 1005 552 1052 non
579 982 656 1050 susi
679 1005 816 1054 sumus.
868 985 1072 1078 Conferva
1087 983 1244 1079 pulverio

190 1082 331 1156 'Dillw.
358 1108 378 1155 e
411 1079 555 1154 cellulis
581 1081 801 1180 cylindricis
824 1081 1096 1158 luxuriantibus
1122 1083 1244 1182 quidem

117 1180 120 1195 '
193 1187 335 1272 'orium
361 1183 425 1256 sed
452 1183 510 1255 his
526 1183 701 1282 inspersos
725 1183 837 1258 simul
858 1177 1059 1283 sphecricre
1087 1186 1181 1258 unde
1199 1183 1243 1256 ha·

156 1307 159 1314 ’
190 1287 302 1372 'bitus
318 1287 432 1383 magis
459 1287 655 1386 Leprariae.
696 1283 826 1365 'Tanta
847 1301 962 1360 exstat
984 1289 1115 1362 harum
1138 1289 1243 1360 sorou-

202 1391 348 1462 tion'om
368 1388 534 1486 analogia
563 1413 646 1458 cum
675 1387 881 1486 pulvinulis
905 1377 1239 1464 tomentosis-Stere-

202 1495 330 1565 occuli
353 1490 441 1564 locis
458 1490 541 1562 udis
559 1489 691 1572 obviis,
716 1489 927 1564 utreosdem
947 1519 1029 1565 cum
1059 1492 1178 1564 allatis
1198 1513 1239 1588 pc

193 1595 384 1678 tissimum
412 1617 646 1690 comparem
670 1591 926 1668 adscendeodo
950 1597 1159 1668 eLecideae
1175 1590 1242 1672 lmil·

202 1699 332 1770 liorioe
360 1719 424 1792 per
452 1697 651 1766 Clodonioe
673 1696 908 1791 papillarioe
944 1695 1158 1795 pulviuulos
1179 1691 1240 1765 llor-

202 1823 304 1870 cosos
329 1798 441 1869 series
469 1797 636 1892 contigua
660 1799 788 1870 oritur.
839 1797 884 1872 Iu
912 1797 1034 1870 medio
1061 1797 1238 1896 relinquam

194 1914 328 1971 ‘utrum
361 1897 546 1996 pulvinuli
575 1897 737 1994 byssaeei
764 1900 807 1971 in
828 1898 944 1972 thallo
970 1897 1239 1993 Par-meliceglo·

201 2004 454 2096 meruliseroe,
494 2002 753 2074 Urnbiliearioe
783 2005 996 2097 pustulotae
1022 2029 1053 2074 e.
1081 2028 1109 2074 s.
1135 2027 1167 2097 p.
1195 2019 1238 2094 pro

201 2101 536 2204 prolificationibus
561 2101 683 2187 thalli,
716 2102 781 2176 sed
809 2105 848 2176 in
876 2119 974 2176 statu
1003 2097 1259 2204 hypothollino⁴

201 2206 441 2303 degeneratio,
467 2229 513 2276 on
542 2229 609 2302 pro
644 2205 923 2303 apotheciorum
952 2203 1098 2279 luxurie
1131 2201 1259 2276 habeor

202 2307 242 2380 di
269 2310 354 2380 sint.
409 2305 550 2378 Colluta
582 2307 882 2408 metamorphosi,
915 2309 1027 2382 etiam
1056 2305 1093 2410 §.
1122 2307 1176 2389 31,
1200 2301 1237 2372 iu·

200 2423 257 2483 ter
293 2409 358 2482 has
402 2407 610 2480 differentia
649 2409 756 2481 tacite
798 2433 1017 2482 evanescere.
1054 2408 1201 2482 videtur.
1257 2495 1258 2502 ἵ

303 2509 336 2614 §.
364 2511 420 2585 30.
472 2511 587 2608 Magis
615 2511 860 2584 multiformes
900 2527 986 2584 suut
1011 2505 1238 2604 anamorpto

200 2643 263 2698 ees
290 2613 410 2698 thalli,
431 2613 496 2686 sed
519 2612 675 2686 thollius
704 2613 829 2686 indole
849 2629 991 2687 servata
1009 2616 1049 2686 in
1063 2611 1237 2687 Lichenum

199 2717 340 2790 familia
376 2730 678 2814 permanserunt5
713 2741 796 2788 curn
834 2718 1118 2813 hypothallinoe
1159 2706 1258 2801 vulg⁰³

201 2819 248 2892 ad
281 2817 446 2917 Plryceas
482 2817 670 2890 translatae
716 2818 865 2890 suerunt
899 2813 940 2896 &
980 2818 1236 2916 apotheciorurt

200 2919 247 2995 ad
276 2920 423 3018 Fungos
453 2917 653 2992 declinent.
705 2919 795 3010 Quae
824 2919 919 3003 ratio
954 2919 1085 2996 horum
1117 2931 1258 3012 urgant1

200 3048 284 3096 rum
306 3035 451 3121 typum,
468 3020 616 3120 qualem
631 3023 899 3120 proposuimus,
924 3023 1036 3094 etiam
1063 3017 1236 3096 confimat·

200 3125 234 3198 E
267 3124 433 3224 corporis
459 3123 656 3196 Lichcnosi
684 3123 971 3222 deliquescentia
998 3123 1156 3197 totaliin
1178 3105 1237 3214 pul·

201 3249 324 3300 rerem
359 3226 529 3299 oriuntur
548 3237 664 3298 status
688 3227 848 3322 leprosi,
877 3237 952 3299 tam
982 3224 1139 3326 elcpre,
1153 3229 1257 3320 quam

201 3328 362 3427 gonidiis
389 3327 599 3426 compositi.
656 3327 843 3399 Videntur
872 3325 913 3399 hi
940 3353 1067 3402 omnes
1095 3351 1137 3399 err
1162 3324 1237 3430 cult·

197 3455 395 3514 nemorum
429 3429 636 3502 Lichenum
674 3453 785 3502 ceusu
819 3425 993 3514 delendi3
1028 3431 1236 3530 expurgal10‘

198 3559 285 3608 uem
311 3533 405 3608 hanc
431 3533 611 3606 acutiores
628 3529 869 3630 Lichenologi
892 3529 958 3604 diu
983 3533 1023 3606 in
1045 3533 1164 3608 auimo
1181 3510 1236 3592 v01'

199 3647 345 3721 verunt,
373 3631 437 3706 sed
465 3632 574 3732 plene
601 3657 729 3730 sapere
763 3657 838 3706 non
861 3635 953 3707 -eusi
986 3648 1083 3708 sunt.
1141 3617 1235 3712 vulgo

195 3737 339 3810 steriles
373 3747 518 3808 tautum
556 3747 769 3816 occurrunt,
803 3737 917 3834 quere
961 3761 1072 3834 genus
1107 3733 1232 3824 Lepre,

199 3853 263 3912 aut
290 3836 422 3912 melius
436 3838 663 3936 Leprarioe,
682 3836 1026 3917 subministrarunt.
1082 3835 1161 3912 Non
1179 3837 1234 3940 {³¹¹⁶

198 3953 280 4012 tum
296 3940 475 4021 Lichenes
502 3939 691 4026 crustacei,
718 3937 783 4026 scd
805 3939 953 4026 foliacei
975 3941 1099 4024 etiam,
1115 3931 1160 4032 4)
1183 3943 1234 3998 ¹1¹¹·

194 4063 467 4082 m

236 4107 271 4215 4)
292 4109 397 4188 Quem
421 4109 565 4193 plurima
582 4106 728 4194 exemplu
752 4102 787 4169 in'
817 4101 1009 4192 Eichcirogr.
1040 4103 1152 4176 videas,
1182 4093 1234 4168 ‘1¹¹²
