2436 4594
182 214 248 292 304
599 207 826 324 mummoli

193 413 198 420 ·
222 403 239 447 ·,
271 371 385 468 ῤἰιὶὶἰε
405 384 471 448 hoo
491 376 698 468 ad'a'copulos
723 387 861 450 marinos
882 387 1024 462 nascitur
1045 387 1193 475 pereiiders

142 483 146 494 '
182 486 240 554 est,
259 479 332 534 'cum
354 471 417 530 alia
445 468 539 528 haud¹
555 470 780 551 conjungenda,
801 472 873 534 licet
893 474 934 536 ad
959 478 1066 538 variet.
1085 474 1194 540 subcon-

184 560 325 644 riguam
345 555 415 616 Lec.
440 554 604 616 fuscoatrae
628 554 780 614 accedat·
808 556 1024 638 Hypochallus
1046 559 1104 620 late
1122 555 1197 622 &de-

181 643 351 720 terminate
373 631 508 712 effusus,
536 634 683 716 insignis,
712 637 963 702 suhfimbriatus.
1017 639 1122 704 Crusta
1147 649 1214 726 pri-t

126 736 130 746 ’
182 730 280 791 mitus
302 723 469 800 contigua,
497 718 552 806 se‘cl
571 721 770 802 interrupta,
799 731 836 781 ut
858 745 916 806 per
937 723 1102 786 intervalla
1119 726 1199 808 hypo·

182 808 304 880 thallus
328 807 415 884 niger
438 821 517 886 saepe
526 805 714 900 -lpromineat
730 803 844 882 nudus,
853 806 1200 888 subnascitagtheagtau·

182 909 301 978 cesoens
312 932 322 965 ‚
342 883 415 950 mors¹
435 887 504 950 fissa
526 907 557 946 m
580 887 700 948 areolas
719 889 855 949 minutas
873 910 995 972 semper
1012 891 1089 953 adeo
1108 893 1214 977 depres·1

74 1033 82 1044 ,.
180 997 228 1042 sas
246 985 283 1062 ut
307 992 380 1032 oum
404 968 595 1052 hypothallo
615 969 785 1051 aequabiles
804 974 877 1032 sint.
921 973 1036 1034 Crustu
1061 977 1139 1036 intus
1165 997 1214 1060 sag

181 1083 223 1148 pe
243 1057 447 1131 nutantium,
463 1053 574 1136 ¹qualis
603 1055 700 1122 etiam
721 1074 828 1114 recens
852 1057 930 1130 trita
960 1069 1100 1139 apparet.
1138 1059 1201 1140 spo-

182 1143 289 1221 thecia
320 1140 442 1220 reipsa
471 1143 615 1196 ecrusta
650 1140 818 1214 oriuntur,
847 1141 944 1200 etiam
977 1141 1037 1202 ubi
1062 1143 1202 1202 interart-

181 1230 250 1294 olas
271 1223 387 1285 sedere·
402 1221 552 1282 videntur
567 1217 638 1288 basi
659 1231 775 1289 crustae
795 1229 917 1303 recepta
938 1232 1025 1300 stunt.
1069 1224 1204 1286 Discusu

180 1303 564 1386 urceolam-explanatus,
585 1305 735 1384 primitus
756 1297 881 1387 &saepe
899 1309 1116 1387 persistentes,
1138 1309 1203 1389 glau-

181 1393 400 1478 ces-pruinosus
431 1387 558 1447 demum
585 1386 737 1448 dilatatus
762 1407 936 1470 numquam
965 1409 1140 1467 convexus,
1170 1413 1203 1472 per

182 1488 305 1540 aetatem
325 1470 459 1534 subinde
479 1471 773 1552 plicato-,rugosum
806 1473 897 1534 intus
912 1481 985 1532 ater
995 1483 1098 1534 strato
1122 1477 1203 1535 carbo·

113 1575 116 1582 ’
182 1581 280 1634 paceo
311 1555 397 1636 haud
420 1553 557 1618 discreto
591 1563 648 1614 out
679 1554 884 1614 determinato
900 1567 1074 1638 jreoeptus,
1126 1561 1204 1638 Margo

180 1649 286 1731 primo
307 1641 409 1702 tenuis
433 1647 626 1716 coarctatus,
650 1635 721 1698 dein
751 1635 989 1701 obtusiu'soutus
1018 1641 1141 1703 firmior
1158 1663 1204 1726 per·

181 1733 300 1790 sistens.

262 1843 344 1904 Huic
364 1839 477 1902 habitu
499 1835 532 1900 &
553 1842 796 1906 characteribus
816 1843 965 1906 accedam
987 1850 1086 1908 variae
1100 1847 1165 1908 aliis
1176 1845 1204 1904 lo·

179 1932 224 1992 cis
248 1927 351 1989 ob'viae¹
368 1926 487 2000 forme,
510 1919 586 2006 boas
613 1949 689 1988 vero
716 1931 748 1988 in
771 1927 946 2013 specierum
971 1931 1164 1992 limitatione
1180 1927 1204 1986 nil

181 2014 281 2094 magis
307 2021 446 2070 metuens
468 2030 564 2090 quam
586 2009 792 2091 heterogenea
814 2013 1020 2092 confundere,
1035 2016 1144 2096 potius
1158 2013 1205 2095 port

181 2095 345 2158 Lecidcam
369 2094 576 2172 variegatam,
611 2116 707 2176 quam
746 2091 806 2156 sub
839 2095 945 2156 eadem
979 2097 1098 2158 afferre
1133 2097 1204 2156 veliu

182 2180 304 2242 Harum
325 2173 467 2259 proxime
496 2175 536 2236 ad
559 2178 601 2237 ·L.
619 2180 824 2258 'variegatam
849 2179 971 2239 accedit
991 2177 1079 2242 Lec.
1102 2189 1205 2264 patrm

183 2261 293 2325 Wahl.
316 2263 414 2342 Lapp.
437 2281 467 2342 p·
488 2263 551 2328 476
566 2260 716 2320 -'Lich.
738 2261 829 2321 Suco.
852 2280 912 2322 exs.
936 2283 967 2322 n.
988 2267 1057 2332 407
1080 2299 1119 2312 -
1142 2261 1205 2322 abi·

182 2364 238 2432 pso
258 2349 381 2405 acutiss.
402 2343 541 2424 Auctore
562 2363 635 2404 cum
658 2346 783 2427 priori,
805 2348 856 2404 cui
878 2346 1064 2424 simillima,
1091 2347 1124 2408 in
1142 2347 1205 2406 Flora

128 2464 134 2476 ·
183 2431 311 2494 Suecica
333 2431 449 2512 juncta,
475 2427 527 2488 sed
549 2448 670 2510 semper
688 2427 822 2488 discreta
845 2449 971 2489 nascens
983 2475 997 2506 ,
1025 2452 1130 2513 quare
1150 2439 1204 2488 trar-

180 2520 260 2578 situa
282 2513 419 2572 directos
438 2509 605 2570 observare
627 2531 687 2570 uon
710 2511 813 2588 licuit,
838 2511 914 2572 locis
928 2514 1003 2572 licet
1017 2513 1158 2593 analogia
1173 2509 1206 2570 ob·

127 2641 132 2652 ·
180 2602 242 2660 via.
286 2595 422 2656 Praesens
443 2597 524 2653 enim
547 2596 579 2654 in
602 2594 730 2676 alpibus
757 2596 893 2656 ventosis
913 2595 935 2654 l.
959 2597 1058 2656 ctiam
1084 2598 1123 2656 ad
1147 2611 1206 2673 rupo

179 2685 267 2767 juxte
291 2681 376 2740 lacus
412 2677 529 2738 Sueciae
560 2679 691 2758 majores
724 2679 838 2760 passim
872 2680 998 2760 copiosa
1020 2691 1079 2740 cst.
1124 2680 1205 2739 Differ!

177 2773 282 2826 crusta
304 2765 408 2822 minus
431 2761 574 2838 definita,
598 2763 695 2840 magis
715 2766 849 2836 cinerea,
872 2781 944 2821 vere
967 2761 1085 2840 glauca
1100 2784 1157 2824 oon
1176 2761 1204 2816 vi·

177 2869 210 2910 sa
235 2857 299 2923 est,
331 2847 472 2923 margine
494 2845 611 2926 juniori
636 2845 765 2926 quidem
787 2855 945 2904 coarctato
967 2845 1064 2923 albo,
1100 2845 1150 2908 scd
1178 2841 1206 2900 di·

179 2951 248 2992 scus
266 2929 352 2988 haud
373 2947 445 2988 vere
469 2929 646 3010 pruinosus,
667 2922 699 2988 ἃ
721 2930 823 2990 nescio
848 2927 930 3012 quid
948 2930 979 2988 in
1003 2929 1122 2990 habitu
1145 2947 1206 3009 perc·

180 3015 275 3096 grini.
317 3011 388 3092 lam¹
410 3009 475 3072 Cel.
496 3009 714 3091 Wahlenberg
736 3027 850 3074 nexum
873 3003 954 3072 cum¹
969 3006 1090 3072 Parm.
1103 3010 1208 3072 cinereo

180 3093 360 3158 observavit
382 3087 415 3154 ἃ
437 3095 646 3154 conferuntur
675 3093 769 3177 hujus
793 3093 944 3171 abortus,
974 3113 1004 3153 v.
1027 3115 1054 3154 c.
1082 3087 1208 3175 Sageda

181 3177 367 3262 depressa,
392 3179 533 3256 margine
554 3177 714 3251 thallode,
750 3188 788 3237 ut
819 3180 850 3238 in
881 3179 976 3238 variis
998 3173 1209 3240 Parmeliisit.

178 3264 355 3342 'nigricante
375 3261 511 3320 affinitas
527 3255 632 3321 adlluc
652 3262 837 3322 evidentior·
886 3260 1065 3342 Singularis
1086 3261 1143 3320 ille
1157 3257 1209 3316 cba-

179 3345 308 3408 racteri
333 3347 459 3403 ”crusta
483 3345 568 3403 intus
589 3349 747 3428 precipue
768 3343 827 3405 sub
846 3345 1057 3425 receptaculis
1079 3341 1207 3404 rubicur

179 3429 239 3491 da''
262 3439 328 3488 tam
349 3427 389 3487 ad
411 3429 570 3507 priorem,
594 3447 691 3512 quam
711 3427 751 3488 ad
773 3423 1024 3501 Reiceream,
1048 3427 1141 3504 cujus
1162 3425 1207 3483 lor·

179 3533 238 3574 mae
253 3515 285 3574 in
308 3509 506 3588 borealibus?
530 3512 711 3590 eogaudent
724 3511 919 3584 charactere,
931 3521 1059 3592 spectat·
1084 3499 1206 3570 conte

178 3615 252 3659 can.
276 3585 622 3658 Actoriissorhmert.
645 3598 744 3677 Lapp.
767 3615 797 3675 p.
820 3604 872 3662 88.
902 3627 940 3636 -
974 3593 1053 3654 Cum
1088 3592 1136 3652 bis
1155 3585 1207 3648 inti·

180 3700 230 3739 me
252 3697 380 3762 quoquo
407 3685 545 3737 connexa
567 3689 622 3746 ¹est
643 3697 715 3740 vera
740 3669 859 3741 Leelcl.
883 3663 1048 3759 ambiguo
1071 3674 1147 3734 och.
1164 3687 1207 3746 sm.

180 3783 211 3844 p.
236 3765 297 3835 14,
318 3761 441 3834 diversa
464 3768 587 3820 tantum
609 3772 713 3822 crusta
740 3766 823 3822 intus
840 3782 901 3820 non
935 3761 1077 3836 rubente,
1100 3751 1208 3839 apolht·

180 3848 239 3905 ciis
261 3845 387 3902 demum
409 3843 599 3924 applanatis,
622 3845 968 3930 immarginatis,quam
992 3862 1078 3924 acque
1098 3851 1209 3918 acqu2·

181 3927 253 3985 dam
275 3929 403 4005 specim.
424 3921 504 3988 Leo.
521 3927 753 4010 pantostictoe,
775 3927 951 4010 apotheciis
975 3923 1138 3987 latioribus
1156 3931 1208 3976 tor·

179 4018 252 4078 ,tum
270 4007 415 4088 diverse,
460 4008 501 4072 ud
533 4006 573 4072 P.
610 4009 782 4102 cumrerum
813 4011 933 4073 referre
961 4011 1119 4072 'hesitare
1156 4001 1208 4061 Au·

649 4105 652 4134 l
