2546 4610
134 231 277 308 rau
499 319 508 344 Β
578 195 744 300 auara

47 373 50 382 ¹
134 398 228 492 quoti
239 397 344 464 nimis
358 397 406 462 sit
425 394 570 486 cliffma,
589 367 694 464 nimis
707 397 860 462 dilatata
882 403 926 478 el,
945 403 986 460 ul
1003 397 1055 463 ila
1071 397 1198 482 dicam,

134 506 244 570 supra
264 480 404 544 modum
425 481 571 559 exculta,
611 480 650 545 id
677 480 770 570 quod
794 478 902 564 ,vulgo
925 475 978 565 fit
1005 503 1199 568 monogra-

130 567 236 656 pltico
255 563 379 642 studio,
402 561 462 628 ubi
479 563 616 629 Auctor
631 587 700 628 non
719 563 875 650 reliquas
897 573 931 625 et
943 565 1123 649 praecipue
1144 569 1200 632 vi·

136 652 232 716 cinus
248 643 417 734 familias
448 646 553 710 simul
585 647 673 724 colit,
705 646 767 710 sed
797 647 938 710 unicam
969 645 1019 710 ad
1047 653 1199 714 “statum

136 737 173 799 in
202 735 316 796 statu”
348 729 489 793 extollit.
535 726 717 802 Novarum
744 747 916 815 generum
943 739 978 792 et
1007 731 1199 814 specierum

135 825 214 902 spes
245 815 334 878 inter
364 810 536 875 Lichenes
567 809 763 908 Europaeos
796 811 915 876 saltim
945 811 1049 898 longe
1083 813 1198 878 minor

136 909 189 963 est
207 919 310 984 quam
331 894 368 958 in
388 895 511 960 uicinis
523 889 691 980 familiis.
733 894 832 960 Dum
850 919 892 978 v„
905 917 932 958 c.
949 916 991 957 ex
1011 887 1200 958 unicoOb-

137 985 314 1046 servatore
329 999 396 1063 per
419 999 552 1065 paucos
573 999 704 1042 menses
726 978 763 1042 in
787 973 936 1063 Europa¹
954 973 1117 1044 decadem
1134 995 1198 1040 no-

136 1085 258 1136 vorum
274 1082 444 1158 generum
468 1069 504 1124 et
516 1061 718 1126 centuriam
740 1061 932 1147 specierum
955 1058 1045 1126 iuter
1065 1057 1199 1146 Pliyce-

34 1219 40 1222 ,
137 1169 178 1212 as
198 1144 329 1218 ultimis
351 1143 453 1207 annis
475 1143 626 1220 detectas
645 1161 723 1210 ¹esse
746 1143 955 1228 accepimus,
974 1165 1042 1232 per
1073 1143 1199 1208 ultim

17 3620 21 3628 1
132 3569 187 3612 usi
210 3566 336 3610 suauis.
358 3583 401 3597 —-
428 3544 563 3632 Omnia,
584 3569 661 3636 quoe

108 1227 389 1294 .decem·lustra
410 1227 470 1290 viu
500 1247 590 1290 unus
616 1227 746 1293 alterve
767 1226 903 1292 Liclten
932 1249 1058 1292 novum
1084 1245 1201 1312 genus

89 1322 92 1343 ¹
137 1309 349 1380 constituens
372 1308 595 1396 (Sipaata
625 1312 716 1376 enim
745 1309 830 1397 jam
860 1308 913 1376 atr
927 1310 1121 1392 Ammiano)
1153 1310 1200 1374 in

135 1395 323 1478 Europa
350 1391 500 1459 detectus
537 1401 605 1471 est,
630 1396 1072 1482 specierumque-novarum
1091 1392 1200 1456 dena-

135 1479 229 1548 rium
241 1497 421 1540 numerum
432 1474 721 1562 diligentissimae
739 1497 803 1564 per
825 1479 954 1541 annum
971 1499 1040 1540 non
1051 1477 1198 1564 ¹detege-

135 1571 200 1630 ret.
248 1558 296 1623 Ut
319 1557 355 1622 in
374 1559 554 1644 proximis·
558 1555 721 1642 familiis
741 1581 832 1624 nova
859 1581 994 1656 genera
1016 1571 1050 1624 et
1068 1557 1199 1646 species

137 1641 322 1734 quotannis
353 1652 555 1724 emergunt·
576 1642 613 1704 in
642 1641 896 1728 Lichenalogza
920 1643 1043 1729 prisca
1077 1640 1199 1726 magis

136 1724 371 1810 submergunt.
412 1706 494 1786 Iltoe
514 1725 632 1807 magis
655 1725 892 1791 increscendo
915 1725 1204 1814 etmultiplican-

99 1812 106 1820 '
137 1811 191 1888 clo,
218 1807 352 1872 lioecin
375 1807 583 1871 maturando
614 1817 650 1872 et
676 1808 908 1873 contrahendo
937 1819 1104 1896 occupata
1135 1814 1197 1870 ests

136 1893 182 1960 Ia
197 1899 382 1978 systemate
404 1888 588 1976 adprime
611 1889 919 1979 Systematicorum
933 1892 1113 1978 principia
1137 1911 1198 1953 re-

138 1977 213 2040 dire
230 1973 424 2036 necessitas
439 1973 556 2056 magis
583 1976 765 2061 magisque
794 1984 907 2060 urget.
956 1974 1057 2038 Hmc
1085 1993 1195 2062 quan-

136 2059 220 2123 dam
241 2055 392 2119 elicimus
413 2056 702 2142 Liclteaologiam
724 2079 796 2121 esse
825 2058 928 2144 quasi
947 2057 1121 2122 civitatem
1143 2057 1199 2120 in·

138 2135 374 2206 stillationibus
402 2136 583 2236 obrutam,
611 2137 714 2228 cstJ'm
756 2133 964 2226 reformatio
999 2139 1198 2230 difficilior,

137 2245 242 2316 quam
257 2242 355 2284 novoe
376 2231 590 2286 constructa.

227 2303 275 2368 Ut
294 2304 330 2367 in
350 2313 519 2388 prasente
537 2306 594 2370 rei
610 2304 788 2372 herbariae
805 2315 901 2372 stata
914 2307 1066 2373 maxime
1079 2325 1199 2369 neces·

135 2387 272 2453 sarium
300 2387 437 2451 videtur
467 2406 552 2470 opus
608 2389 749 2452 ractieae
779 2389 973 2456 Liclzenum
1006 2388 1203 2476 cognitioni

136 2469 332 2546 inserviens,
353 2469 466 2534 neseio
489 2489 536 2531 an
551 2411 659 2535 'aliud
673 2473 794 2558 magis
816 2471 1078 2571 difficultatibus
1094 2468 1201 2532 obno-

135 2557 242 2630 xium,
265 2573 391 2638 anceps
414 2562 448 2616 et
464 2552 706 2638 periculosum.
752 2552 886 2620 Omma
897 2577 998 2641 poene
1031 2555 1068 2618 in
1091 2548 1200 2615 dubi-

136 2657 195 2700 um
215 2643 440 2714 uocatasunt,
459 2633 572 2700 motta
594 2638 693 2700 uaria
716 2637 815 2701 moclo
829 2636 1036 2723 reformata,
1058 2635 1100 2700 te
1117 2634 1198 2720 ple-

135 2720 252 2806 risque
273 2718 483 2784 dissentitur.
531 2717 771 2784 Temerarium
786 2716 890 2806 joret
908 2719 1062 2784 stucluam
1082 2719 1198 2783 omni-

137 2823 196 2865 um
215 2800 359 2898 placitis
377 2802 538 2888 placere5
563 2823 664 2868 suam
686 2803 933 2888 experientiam
961 2823 1102 2890 sequens
1132 2821 1197 2865 ne-

135 2879 363 3032 mimsorsan
376 2881 592 2970 satisfaciet.
633 2881 782 2950 Summa
800 2884 843 2949 de
854 2886 1109 2970 Lichenclogia
1120 2905 1195 2949 me-

134 2967 223 3032 rita,
246 3011 253 3026 .
276 2965 537 3045 mAclzarii,
553 2967 756 3057 cujusnunc
771 2963 819 3032 'ut
837 2967 962 3047 reiecti
980 2969 1077 3054 regis
1098 2989 1196 3032 erra-

134 3071 191 3115 res
209 3058 345 3113 tantum
358 3059 611 3128 enumerantur,
637 3071 840 3136 agnoscens,
890 3051 1006 3117 avitus
1029 3072 1106 3114 sum
1119 3071 1193 3114 me-

135 3155 177 3196 as
198 3131 449 3197 observationes
470 3132 510 3196 in
557 3132 639 3197 leris
662 3151 802 3199 uerum
818 3157 841 3197 a
866 3133 1040 3200 mirandis
1065 3133 1195 3198 studiis

133 3214 395 3293 Sclraereri,
418 3215 510 3283 Wa
541 3157 716 3295 lrotlii,
744 3215 947 3304 Meyerii
972 3227 1036 3282 etc.
1055 3217 1194 3303 conspi-

103 3357 110 3370 ,
132 3319 225 3364 rare.
267 3297 408 3364 Multas
427 3298 581 3364 ineditas
599 3299 855 3365 observationes
880 3299 949 3364 lias
978 3295 1193 3388 confirman-

132 3391 185 3446 tes
221 3381 356 3458 amicis,
390 3384 501 3469 praeci
523 3403 565 3444 ue
592 3381 665 3460 Du
665 3379 850 3467 foureo,
868 3382 995 3447 elebeo.
1047 3387 1193 3446 hortem

133 3487 265 3554 quoque
285 3466 450 3550 auspiciis
475 3403 701 3549 Lictawgra
722 3465 796 3531 ltiae
823 3461 1028 3551 reformatae
1054 3463 1192 3552 nemim

183 3549 189 3562 '
683 3487 725 3612 fi
743 3547 952 3614 Liclrenilrus
972 3549 1105 3636 scripta
1123 3544 1189 3608 mi-

132 3629 419 3708 stannaturam,
449 3629 592 3699 sollicite
624 3629 797 3713 consului5
828 3631 1040 3716 gratissimo
1065 3629 1189 3696 'entim

131 3712 195 3776 lzoc
222 3711 294 3777 loco
315 3705 571 3798 agnosceniium
596 3713 721 3798 pluria
743 3724 778 3778 et
807 3715 952 3779 rariora
979 3717 1110 3800 scripta
1134 3731 1193 3776 me

79 3831 109 3858 .·
132 3795 323 3860 amicorum
350 3792 563 3862 liberalitati
599 3793 734 3874 delere,v
754 3797 979 3862 literaturam
1011 3794 1192 3861 Gallicam

130 3877 323 3940 Liolsenum
356 3878 616 3960 Privostio,
647 3877 817 3946 ineditam
844 3878 1193 3970 Liclienograplzmm

106 3957 377 4026 'Britannicam
414 3959 640 4040 Borrero,
667 3961 861 4027 Stietarum
886 3961 1192 4048 Monograpltiam

129 4037 323 4141 Deliseo
344 4069 372 4113 e.
396 4068 424 4113 e.
442 4069 482 4136 p.
532 4044 637 4135 Quod
654 4065 734 4114 vero
758 4045 834 4134 ipse
854 4051 1017 4132 ceperim
1037 4065 1116 4110 erun
1135 4043 1192 4127 (in
