<?xml version="1.0" encoding="UTF-8"?>
<!DOCTYPE html PUBLIC "-//W3C//DTD XHTML 1.0 Transitional//EN"
    "http://www.w3.org/TR/xhtml1/DTD/xhtml1-transitional.dtd">
<html xmlns="http://www.w3.org/1999/xhtml" xml:lang="en" lang="en">
 <head>
  <title>
</title>
<meta http-equiv="Content-Type" content="text/html;charset=utf-8" />
  <meta name='ocr-system' content='tesseract 3.04.00' />
  <meta name='ocr-capabilities' content='ocr_page ocr_carea ocr_par ocr_line ocrx_word'/>
</head>
<body>
  <div class='ocr_page' id='page_1' title='image "./lichenographiae00friegoog_0343.png"; bbox 0 0 2462 4598; ppageno 0'>
   <div class='ocr_carea' id='block_1_1' title="bbox 173 215 838 323">
    <p class='ocr_par' dir='ltr' id='par_1_1' title="bbox 173 215 838 323">
     <span class='ocr_line' id='line_1_1' title="bbox 173 215 838 323; baseline -0.005 -24"><span class='ocrx_word' id='word_1_1' title='bbox 173 241 258 323; x_wconf 52' lang='lat'><strong>‘234</strong></span> <span class='ocrx_word' id='word_1_2' title='bbox 386 215 402 244; x_wconf 72' lang='lat'><strong><em>⁹</em></strong></span> <span class='ocrx_word' id='word_1_3' title='bbox 618 226 838 304; x_wconf 60' lang='lat' dir='ltr'><strong>tactuum</strong></span> 
     </span>
    </p>
   </div>
   <div class='ocr_carea' id='block_1_2' title="bbox 59 391 1225 2321">
    <p class='ocr_par' dir='ltr' id='par_1_2' title="bbox 191 391 1218 580">
     <span class='ocr_line' id='line_1_2' title="bbox 191 391 1218 486; baseline -0.007 -13"><span class='ocrx_word' id='word_1_4' title='bbox 191 417 256 474; x_wconf 84' lang='lat' dir='ltr'><strong>stat</strong></span> <span class='ocrx_word' id='word_1_5' title='bbox 277 412 378 468; x_wconf 82' lang='lat' dir='ltr'><strong>statos</strong></span> <span class='ocrx_word' id='word_1_6' title='bbox 396 399 572 484; x_wconf 77' lang='lat' dir='ltr'><strong>epothmiis</strong></span> <span class='ocrx_word' id='word_1_7' title='bbox 589 391 973 482; x_wconf 64' lang='lat' dir='ltr'><strong>maspetum-faseli,</strong></span> <span class='ocrx_word' id='word_1_8' title='bbox 987 399 1043 465; x_wconf 85' lang='lat' dir='ltr'><strong>sed</strong></span> <span class='ocrx_word' id='word_1_9' title='bbox 1060 399 1168 486; x_wconf 72' lang='lat' dir='ltr'><strong>alteque</strong></span> <span class='ocrx_word' id='word_1_10' title='bbox 1178 403 1218 484; x_wconf 66' lang='lat' dir='ltr'><strong>ty·</strong></span> 
     </span>
     <span class='ocr_line' id='line_1_3' title="bbox 193 479 1218 580; baseline -0.008 -26"><span class='ocrx_word' id='word_1_11' title='bbox 193 490 344 580; x_wconf 87' lang='lat' dir='ltr'><strong>pothecio</strong></span> <span class='ocrx_word' id='word_1_12' title='bbox 373 486 496 548; x_wconf 91' lang='lat' dir='ltr'><strong>luteolo</strong></span> <span class='ocrx_word' id='word_1_13' title='bbox 517 479 592 562; x_wconf 66' lang='lat' dir='ltr'><strong>dte„</strong></span> <span class='ocrx_word' id='word_1_14' title='bbox 613 483 674 544; x_wconf 85' lang='lat' dir='ltr'><strong>sub</strong></span> <span class='ocrx_word' id='word_1_15' title='bbox 699 504 765 565; x_wconf 84' lang='lat' dir='ltr'><strong>quo</strong></span> <span class='ocrx_word' id='word_1_16' title='bbox 787 493 868 544; x_wconf 86' lang='lat' dir='ltr'><strong>nutu</strong></span> <span class='ocrx_word' id='word_1_17' title='bbox 900 483 1147 556; x_wconf 80' lang='lat' dir='ltr'><strong>determinatoris</strong></span> <span class='ocrx_word' id='word_1_18' title='bbox 1173 489 1218 566; x_wconf 74' lang='lat' dir='ltr'><strong>eins</strong></span> 
     </span>
    </p>

    <p class='ocr_par' dir='ltr' id='par_1_3' title="bbox 189 563 1220 1066">
     <span class='ocr_line' id='line_1_4' title="bbox 193 563 1219 652; baseline -0.004 -18"><span class='ocrx_word' id='word_1_19' title='bbox 193 597 262 648; x_wconf 71' lang='lat' dir='ltr'><strong>var.</strong></span> <span class='ocrx_word' id='word_1_20' title='bbox 284 563 580 650; x_wconf 79' lang='lat' dir='ltr'><strong>earneopallidam</strong></span> <span class='ocrx_word' id='word_1_21' title='bbox 599 569 708 648; x_wconf 86' lang='lat' dir='ltr'><strong>potius</strong></span> <span class='ocrx_word' id='word_1_22' title='bbox 733 567 876 643; x_wconf 83' lang='lat' dir='ltr'><strong>citarem,</strong></span> <span class='ocrx_word' id='word_1_23' title='bbox 893 567 1098 630; x_wconf 86' lang='lat' dir='ltr'><strong>licetethanc</strong></span> <span class='ocrx_word' id='word_1_24' title='bbox 1107 571 1219 652; x_wconf 86' lang='lat' dir='ltr'><strong>comple-</strong></span> 
     </span>
     <span class='ocr_line' id='line_1_5' title="bbox 192 649 1218 734; baseline -0.01 -12"><span class='ocrx_word' id='word_1_25' title='bbox 192 671 313 731; x_wconf 83' lang='lat' dir='ltr'><strong>otetur,</strong></span> <span class='ocrx_word' id='word_1_26' title='bbox 320 672 395 714; x_wconf 88' lang='lat' dir='ltr'><strong>cum</strong></span> <span class='ocrx_word' id='word_1_27' title='bbox 405 651 516 712; x_wconf 83' lang='lat' dir='ltr'><strong>Fascis</strong></span> <span class='ocrx_word' id='word_1_28' title='bbox 527 660 752 724; x_wconf 64' lang='lat' dir='ltr'><strong>commutatae</strong></span> <span class='ocrx_word' id='word_1_29' title='bbox 773 659 820 709; x_wconf 88' lang='lat' dir='ltr'><strong>est</strong></span> <span class='ocrx_word' id='word_1_30' title='bbox 839 662 942 710; x_wconf 85' lang='lat' dir='ltr'><strong>tamen</strong></span> <span class='ocrx_word' id='word_1_31' title='bbox 959 649 1002 712; x_wconf 81' lang='lat' dir='ltr'><strong>ab</strong></span> <span class='ocrx_word' id='word_1_32' title='bbox 1018 662 1150 734; x_wconf 86' lang='lat' dir='ltr'><strong>utraque</strong></span> <span class='ocrx_word' id='word_1_33' title='bbox 1161 656 1218 714; x_wconf 83' lang='lat' dir='ltr'><strong>serie</strong></span> 
     </span>
     <span class='ocr_line' id='line_1_6' title="bbox 192 732 1219 825; baseline -0.006 -25"><span class='ocrx_word' id='word_1_34' title='bbox 192 745 314 825; x_wconf 82' lang='lat' dir='ltr'><strong>optime</strong></span> <span class='ocrx_word' id='word_1_35' title='bbox 328 737 493 804; x_wconf 75' lang='lat' dir='ltr'><strong>distincta.</strong></span> <span class='ocrx_word' id='word_1_36' title='bbox 536 733 746 796; x_wconf 88' lang='lat' dir='ltr'><strong>Podctiorum</strong></span> <span class='ocrx_word' id='word_1_37' title='bbox 767 732 851 794; x_wconf 88' lang='lat' dir='ltr'><strong>basis</strong></span> <span class='ocrx_word' id='word_1_38' title='bbox 877 737 963 794; x_wconf 87' lang='lat' dir='ltr'><strong>carie</strong></span> <span class='ocrx_word' id='word_1_39' title='bbox 985 755 1156 816; x_wconf 77' lang='lat' dir='ltr'><strong>numquam</strong></span> <span class='ocrx_word' id='word_1_40' title='bbox 1172 737 1219 796; x_wconf 84' lang='lat' dir='ltr'><strong>lul-</strong></span> 
     </span>
     <span class='ocr_line' id='line_1_7' title="bbox 192 815 1219 900; baseline -0.009 -11"><span class='ocrx_word' id='word_1_41' title='bbox 192 828 301 900; x_wconf 88' lang='lat' dir='ltr'><strong>veseit,</strong></span> <span class='ocrx_word' id='word_1_42' title='bbox 321 830 358 880; x_wconf 89' lang='lat' dir='ltr'><strong>ut</strong></span> <span class='ocrx_word' id='word_1_43' title='bbox 377 818 633 894; x_wconf 87' lang='lat' dir='ltr'><strong>Coceiserarum,</strong></span> <span class='ocrx_word' id='word_1_44' title='bbox 659 815 713 878; x_wconf 86' lang='lat' dir='ltr'><strong>sed</strong></span> <span class='ocrx_word' id='word_1_45' title='bbox 733 837 791 900; x_wconf 90' lang='lat' dir='ltr'><strong>per</strong></span> <span class='ocrx_word' id='word_1_46' title='bbox 807 827 930 878; x_wconf 76' lang='lat' dir='ltr'><strong>etatem</strong></span> <span class='ocrx_word' id='word_1_47' title='bbox 954 819 1219 883; x_wconf 72' lang='lat' dir='ltr'><strong>iusso-caeruleam</strong></span> 
     </span>
     <span class='ocr_line' id='line_1_8' title="bbox 191 893 1219 992; baseline -0.006 -25"><span class='ocrx_word' id='word_1_48' title='bbox 191 905 442 992; x_wconf 78' lang='lat' dir='ltr'><strong>Apotheciorum</strong></span> <span class='ocrx_word' id='word_1_49' title='bbox 467 893 502 961; x_wconf 71' lang='grc' dir='ltr'><strong>ἃ</strong></span> <span class='ocrx_word' id='word_1_50' title='bbox 528 901 732 984; x_wconf 85' lang='lat' dir='ltr'><strong>podetiorum</strong></span> <span class='ocrx_word' id='word_1_51' title='bbox 756 899 845 960; x_wconf 88' lang='lat' dir='ltr'><strong>color</strong></span> <span class='ocrx_word' id='word_1_52' title='bbox 874 903 1004 962; x_wconf 85' lang='lat' dir='ltr'><strong>omnino</strong></span> <span class='ocrx_word' id='word_1_53' title='bbox 1030 913 1167 963; x_wconf 76' lang='lat' dir='ltr'><strong>constans</strong></span> <span class='ocrx_word' id='word_1_54' title='bbox 1184 911 1219 961; x_wconf 83' lang='lat' dir='ltr'><strong>ert.</strong></span> 
     </span>
     <span class='ocr_line' id='line_1_9' title="bbox 189 981 1220 1066; baseline -0.008 -12"><span class='ocrx_word' id='word_1_55' title='bbox 189 995 337 1055; x_wconf 50' lang='lat' dir='ltr'><strong>¹Ceterum</strong></span> <span class='ocrx_word' id='word_1_56' title='bbox 357 983 398 1045; x_wconf 90' lang='lat' dir='ltr'><strong>ad</strong></span> <span class='ocrx_word' id='word_1_57' title='bbox 418 985 562 1052; x_wconf 64' lang='lat' dir='ltr'><strong>maxime⁴</strong></span> <span class='ocrx_word' id='word_1_58' title='bbox 575 981 746 1044; x_wconf 72' lang='lat' dir='ltr'><strong>mutabiles</strong></span> <span class='ocrx_word' id='word_1_59' title='bbox 767 985 884 1066; x_wconf 83' lang='lat' dir='ltr'><strong>speeies</strong></span> <span class='ocrx_word' id='word_1_60' title='bbox 899 987 1054 1066; x_wconf 74' lang='lat' dir='ltr'><strong>pertinet,</strong></span> <span class='ocrx_word' id='word_1_61' title='bbox 1066 985 1181 1046; x_wconf 79' lang='lat' dir='ltr'><strong>eandem</strong></span> <span class='ocrx_word' id='word_1_62' title='bbox 1197 1005 1220 1046; x_wconf 88' lang='lat' dir='ltr'><strong>ac</strong></span> 
     </span>
    </p>

    <p class='ocr_par' dir='ltr' id='par_1_4' title="bbox 86 1061 1219 1322">
     <span class='ocr_line' id='line_1_10' title="bbox 86 1061 1219 1154; baseline -0.004 -24"><span class='ocrx_word' id='word_1_63' title='bbox 86 1078 87 1082; x_wconf 77' lang='grc'>’</span> <span class='ocrx_word' id='word_1_64' title='bbox 193 1067 293 1139; x_wconf 68' lang='lat' dir='ltr'><strong>clad.</strong></span> <span class='ocrx_word' id='word_1_65' title='bbox 304 1061 493 1154; x_wconf 76' lang='lat' dir='ltr'><strong>finsbrintn</strong></span> <span class='ocrx_word' id='word_1_66' title='bbox 514 1067 708 1128; x_wconf 73' lang='lat' dir='ltr'><strong>evolationis</strong></span> <span class='ocrx_word' id='word_1_67' title='bbox 729 1070 841 1128; x_wconf 81' lang='lat' dir='ltr'><strong>seriem</strong></span> <span class='ocrx_word' id='word_1_68' title='bbox 868 1087 1013 1149; x_wconf 79' lang='lat' dir='ltr'><strong>sequens.</strong></span> <span class='ocrx_word' id='word_1_69' title='bbox 1056 1067 1124 1128; x_wconf 82' lang='lat' dir='ltr'><strong>Hac</strong></span> <span class='ocrx_word' id='word_1_70' title='bbox 1151 1064 1219 1130; x_wconf 68' lang='lat' dir='ltr'><strong>&amp;a</strong></span> 
     </span>
     <span class='ocr_line' id='line_1_11' title="bbox 191 1149 1218 1244; baseline -0.008 -24"><span class='ocrx_word' id='word_1_71' title='bbox 191 1151 370 1244; x_wconf 88' lang='lat' dir='ltr'><strong>pidermide</strong></span> <span class='ocrx_word' id='word_1_72' title='bbox 397 1168 470 1210; x_wconf 83' lang='lat' dir='ltr'><strong>mox</strong></span> <span class='ocrx_word' id='word_1_73' title='bbox 504 1151 537 1214; x_wconf 84' lang='lat' dir='ltr'><strong>in</strong></span> <span class='ocrx_word' id='word_1_74' title='bbox 561 1150 726 1233; x_wconf 81' lang='lat' dir='ltr'><strong>pulverem</strong></span> <span class='ocrx_word' id='word_1_75' title='bbox 757 1149 1004 1223; x_wconf 77' lang='lat' dir='ltr'><strong>subtilissimum</strong></span> <span class='ocrx_word' id='word_1_76' title='bbox 1041 1152 1218 1216; x_wconf 71' lang='lat' dir='ltr'><strong>fatiscentes</strong></span> 
     </span>
     <span class='ocr_line' id='line_1_12' title="bbox 190 1227 1219 1322; baseline -0.008 -20"><span class='ocrx_word' id='word_1_77' title='bbox 190 1239 325 1322; x_wconf 85' lang='lat' dir='ltr'><strong>reliquis</strong></span> <span class='ocrx_word' id='word_1_78' title='bbox 347 1254 411 1296; x_wconf 71' lang='lat' dir='ltr'><strong>sue</strong></span> <span class='ocrx_word' id='word_1_79' title='bbox 428 1234 523 1294; x_wconf 88' lang='lat' dir='ltr'><strong>seriei</strong></span> <span class='ocrx_word' id='word_1_80' title='bbox 544 1232 699 1296; x_wconf 78' lang='lat' dir='ltr'><strong>facillime</strong></span> <span class='ocrx_word' id='word_1_81' title='bbox 713 1231 921 1316; x_wconf 80' lang='lat' dir='ltr'><strong>dignoscitur.</strong></span> <span class='ocrx_word' id='word_1_82' title='bbox 964 1227 1014 1296; x_wconf 83' lang='lat' dir='ltr'><strong>Ex</strong></span> <span class='ocrx_word' id='word_1_83' title='bbox 1034 1251 1143 1296; x_wconf 79' lang='lat' dir='ltr'><strong>errore</strong></span> <span class='ocrx_word' id='word_1_84' title='bbox 1162 1257 1219 1318; x_wconf 85' lang='lat' dir='ltr'><strong>qm·</strong></span> 
     </span>
    </p>

    <p class='ocr_par' dir='ltr' id='par_1_5' title="bbox 59 1313 1219 1490">
     <span class='ocr_line' id='line_1_13' title="bbox 59 1313 1219 1402; baseline 0.001 -22"><span class='ocrx_word' id='word_1_85' title='bbox 59 1325 66 1336; x_wconf 88' lang='lat'><strong><em>‘</em></strong></span> <span class='ocrx_word' id='word_1_86' title='bbox 189 1325 264 1392; x_wconf 69' lang='lat' dir='ltr'><strong>dam</strong></span> <span class='ocrx_word' id='word_1_87' title='bbox 289 1326 396 1396; x_wconf 84' lang='lat' dir='ltr'><strong>monet</strong></span> <span class='ocrx_word' id='word_1_88' title='bbox 414 1318 558 1398; x_wconf 87' lang='lat' dir='ltr'><strong>optimus</strong></span> <span class='ocrx_word' id='word_1_89' title='bbox 579 1315 795 1392; x_wconf 83' lang='lat' dir='ltr'><strong>Sommcrselt,</strong></span> <span class='ocrx_word' id='word_1_90' title='bbox 817 1336 866 1377; x_wconf 86' lang='lat' dir='ltr'><strong>me</strong></span> <span class='ocrx_word' id='word_1_91' title='bbox 890 1315 974 1378; x_wconf 79' lang='lat' dir='ltr'><strong>hanc·</strong></span> <span class='ocrx_word' id='word_1_92' title='bbox 993 1337 1069 1378; x_wconf 87' lang='lat' dir='ltr'><strong>cum</strong></span> <span class='ocrx_word' id='word_1_93' title='bbox 1097 1313 1219 1402; x_wconf 78' lang='lat' dir='ltr'><strong>CLpoly·</strong></span> 
     </span>
     <span class='ocr_line' id='line_1_14' title="bbox 189 1395 1218 1490; baseline -0.003 -25"><span class='ocrx_word' id='word_1_94' title='bbox 189 1401 328 1490; x_wconf 71' lang='lat' dir='ltr'><strong>dactylo</strong></span> <span class='ocrx_word' id='word_1_95' title='bbox 351 1423 375 1463; x_wconf 87' lang='lat' dir='ltr'><strong>s.</strong></span> <span class='ocrx_word' id='word_1_96' title='bbox 403 1395 589 1462; x_wconf 79' lang='lat' dir='ltr'><strong>macilenta</strong></span> <span class='ocrx_word' id='word_1_97' title='bbox 609 1409 826 1460; x_wconf 82' lang='lat' dir='ltr'><strong>commutasse.</strong></span> <span class='ocrx_word' id='word_1_98' title='bbox 869 1401 1003 1478; x_wconf 83' lang='lat' dir='ltr'><strong>Nescio,</strong></span> <span class='ocrx_word' id='word_1_99' title='bbox 1035 1411 1145 1462; x_wconf 87' lang='lat' dir='ltr'><strong>utrum</strong></span> <span class='ocrx_word' id='word_1_100' title='bbox 1170 1422 1218 1462; x_wconf 83' lang='lat' dir='ltr'><strong>casu</strong></span> 
     </span>
    </p>

    <p class='ocr_par' dir='ltr' id='par_1_6' title="bbox 187 1483 1217 1572">
     <span class='ocr_line' id='line_1_15' title="bbox 187 1483 1217 1572; baseline -0.008 -22"><span class='ocrx_word' id='word_1_101' title='bbox 187 1497 221 1556; x_wconf 83' lang='lat' dir='ltr'><strong>in</strong></span> <span class='ocrx_word' id='word_1_102' title='bbox 240 1485 420 1572; x_wconf 70' lang='lat' dir='ltr'><strong>cespitibus</strong></span> <span class='ocrx_word' id='word_1_103' title='bbox 435 1483 629 1545; x_wconf 73' lang='lat' dir='ltr'><strong>&#39;amicissimo</strong></span> <span class='ocrx_word' id='word_1_104' title='bbox 651 1485 723 1543; x_wconf 87' lang='lat' dir='ltr'><strong>viro</strong></span> <span class='ocrx_word' id='word_1_105' title='bbox 747 1485 848 1544; x_wconf 86' lang='lat' dir='ltr'><strong>missis</strong></span> <span class='ocrx_word' id='word_1_106' title='bbox 876 1483 944 1545; x_wconf 78' lang='lat' dir='ltr'><strong>hcc</strong></span> <span class='ocrx_word' id='word_1_107' title='bbox 972 1486 1123 1546; x_wconf 81' lang='lat' dir='ltr'><strong>immixta</strong></span> <span class='ocrx_word' id='word_1_108' title='bbox 1149 1487 1217 1546; x_wconf 81' lang='lat' dir='ltr'><strong>luerit</strong></span> 
     </span>
    </p>

    <p class='ocr_par' dir='ltr' id='par_1_7' title="bbox 86 1565 1225 2160">
     <span class='ocr_line' id='line_1_16' title="bbox 86 1565 1216 1655; baseline -0.009 -21"><span class='ocrx_word' id='word_1_109' title='bbox 86 1617 97 1634; x_wconf 46' lang='lat' dir='ltr'><strong>e</strong></span> <span class='ocrx_word' id='word_1_110' title='bbox 188 1573 322 1655; x_wconf 86' lang='lat' dir='ltr'><strong>(easdem</strong></span> <span class='ocrx_word' id='word_1_111' title='bbox 343 1585 419 1630; x_wconf 84' lang='lat' dir='ltr'><strong>vero</strong></span> <span class='ocrx_word' id='word_1_112' title='bbox 439 1587 461 1628; x_wconf 88' lang='lat' dir='ltr'><strong>a</strong></span> <span class='ocrx_word' id='word_1_113' title='bbox 481 1584 532 1626; x_wconf 86' lang='lat' dir='ltr'><strong>me</strong></span> <span class='ocrx_word' id='word_1_114' title='bbox 557 1585 619 1626; x_wconf 89' lang='lat' dir='ltr'><strong>aon</strong></span> <span class='ocrx_word' id='word_1_115' title='bbox 634 1565 817 1648; x_wconf 80' lang='lat' dir='ltr'><strong>conjunctas</strong></span> <span class='ocrx_word' id='word_1_116' title='bbox 834 1565 930 1626; x_wconf 81' lang='lat' dir='ltr'><strong>luisse</strong></span> <span class='ocrx_word' id='word_1_117' title='bbox 949 1567 1098 1630; x_wconf 87' lang='lat' dir='ltr'><strong>delinitio</strong></span> <span class='ocrx_word' id='word_1_118' title='bbox 1111 1571 1216 1641; x_wconf 64' lang='lat' dir='ltr'><strong>evincit),</strong></span> 
     </span>
     <span class='ocr_line' id='line_1_17' title="bbox 189 1643 1216 1734; baseline -0.009 -17"><span class='ocrx_word' id='word_1_119' title='bbox 189 1681 229 1722; x_wconf 76' lang='lat' dir='ltr'><strong>an</strong></span> <span class='ocrx_word' id='word_1_120' title='bbox 253 1657 376 1717; x_wconf 78' lang='lat' dir='ltr'><strong>Auctor</strong></span> <span class='ocrx_word' id='word_1_121' title='bbox 396 1649 495 1732; x_wconf 79' lang='lat' dir='ltr'><strong>hujus</strong></span> <span class='ocrx_word' id='word_1_122' title='bbox 516 1647 547 1711; x_wconf 75' lang='lat' dir='ltr'><strong>la.</strong></span> <span class='ocrx_word' id='word_1_123' title='bbox 571 1668 632 1730; x_wconf 87' lang='lat' dir='ltr'><strong>pro</strong></span> <span class='ocrx_word' id='word_1_124' title='bbox 654 1643 691 1709; x_wconf 84' lang='lat' dir='ltr'><strong>G.</strong></span> <span class='ocrx_word' id='word_1_125' title='bbox 708 1643 940 1734; x_wconf 78' lang='lat' dir='ltr'><strong>polydactyla,</strong></span> <span class='ocrx_word' id='word_1_126' title='bbox 963 1661 1001 1712; x_wconf 93' lang='lat' dir='ltr'><strong>ut</strong></span> <span class='ocrx_word' id='word_1_127' title='bbox 1019 1650 1122 1714; x_wconf 82' lang='lat' dir='ltr'><strong>hahet</strong></span> <span class='ocrx_word' id='word_1_128' title='bbox 1140 1651 1216 1712; x_wconf 82' lang='lat' dir='ltr'><strong>Wall·</strong></span> 
     </span>
     <span class='ocr_line' id='line_1_18' title="bbox 187 1731 1225 1817; baseline -0.007 -12"><span class='ocrx_word' id='word_1_129' title='bbox 187 1737 274 1814; x_wconf 86' lang='lat' dir='ltr'><strong>roth,</strong></span> <span class='ocrx_word' id='word_1_130' title='bbox 296 1733 457 1797; x_wconf 87' lang='lat' dir='ltr'><strong>habuerit.</strong></span> <span class='ocrx_word' id='word_1_131' title='bbox 480 1765 521 1781; x_wconf 89' lang='lat'>-</span> <span class='ocrx_word' id='word_1_132' title='bbox 550 1731 653 1812; x_wconf 76' lang='lat' dir='ltr'><strong>Hujus</strong></span> <span class='ocrx_word' id='word_1_133' title='bbox 674 1742 815 1793; x_wconf 84' lang='lat' dir='ltr'><strong>ceterum</strong></span> <span class='ocrx_word' id='word_1_134' title='bbox 835 1752 1011 1817; x_wconf 85' lang='lat' dir='ltr'><strong>synonyma</strong></span> <span class='ocrx_word' id='word_1_135' title='bbox 1046 1737 1143 1796; x_wconf 81' lang='lat' dir='ltr'><strong>variis</strong></span> <span class='ocrx_word' id='word_1_136' title='bbox 1165 1735 1225 1798; x_wconf 62' lang='lat' dir='ltr'><strong>teas}</strong></span> 
     </span>
     <span class='ocr_line' id='line_1_19' title="bbox 188 1812 1215 1895; baseline -0.012 -8"><span class='ocrx_word' id='word_1_137' title='bbox 188 1825 370 1888; x_wconf 82' lang='lat' dir='ltr'><strong>delitescere</strong></span> <span class='ocrx_word' id='word_1_138' title='bbox 391 1819 522 1879; x_wconf 85' lang='lat' dir='ltr'><strong>omnino</strong></span> <span class='ocrx_word' id='word_1_139' title='bbox 541 1826 665 1878; x_wconf 85' lang='lat' dir='ltr'><strong>certum</strong></span> <span class='ocrx_word' id='word_1_140' title='bbox 687 1824 743 1878; x_wconf 85' lang='lat' dir='ltr'><strong>est.</strong></span> <span class='ocrx_word' id='word_1_141' title='bbox 788 1812 962 1880; x_wconf 69' lang='lat' dir='ltr'><strong>varietatis</strong></span> <span class='ocrx_word' id='word_1_142' title='bbox 983 1839 1012 1878; x_wconf 89' lang='lat' dir='ltr'><strong>a.</strong></span> <span class='ocrx_word' id='word_1_143' title='bbox 1037 1817 1178 1895; x_wconf 74' lang='lat' dir='ltr'><strong>habitura</strong></span> <span class='ocrx_word' id='word_1_144' title='bbox 1193 1837 1215 1874; x_wconf 84' lang='lat' dir='ltr'><strong>o-</strong></span> 
     </span>
     <span class='ocr_line' id='line_1_20' title="bbox 186 1897 1213 1994; baseline -0.008 -26"><span class='ocrx_word' id='word_1_145' title='bbox 186 1910 287 1994; x_wconf 87' lang='lat' dir='ltr'><strong>ptime</strong></span> <span class='ocrx_word' id='word_1_146' title='bbox 311 1903 382 1964; x_wconf 90' lang='lat' dir='ltr'><strong>icon</strong></span> <span class='ocrx_word' id='word_1_147' title='bbox 408 1900 507 1962; x_wconf 86' lang='lat' dir='ltr'><strong>citata</strong></span> <span class='ocrx_word' id='word_1_148' title='bbox 528 1898 672 1962; x_wconf 86' lang='lat' dir='ltr'><strong>Michelii</strong></span> <span class='ocrx_word' id='word_1_149' title='bbox 695 1897 811 1977; x_wconf 77' lang='lat' dir='ltr'><strong>refert,</strong></span> <span class='ocrx_word' id='word_1_150' title='bbox 826 1899 881 1959; x_wconf 85' lang='lat' dir='ltr'><strong>sed</strong></span> <span class='ocrx_word' id='word_1_151' title='bbox 901 1921 975 1962; x_wconf 90' lang='lat' dir='ltr'><strong>cum</strong></span> <span class='ocrx_word' id='word_1_152' title='bbox 1002 1919 1064 1963; x_wconf 84' lang='lat' dir='ltr'><strong>aec</strong></span> <span class='ocrx_word' id='word_1_153' title='bbox 1084 1902 1167 1964; x_wconf 86' lang='lat' dir='ltr'><strong>color</strong></span> <span class='ocrx_word' id='word_1_154' title='bbox 1182 1917 1213 1960; x_wconf 79' lang='lat' dir='ltr'><strong>ns</strong></span> 
     </span>
     <span class='ocr_line' id='line_1_21' title="bbox 186 1982 1225 2074; baseline -0.009 -23"><span class='ocrx_word' id='word_1_155' title='bbox 186 1985 367 2074; x_wconf 81' lang='lat' dir='ltr'><strong>superficies</strong></span> <span class='ocrx_word' id='word_1_156' title='bbox 387 1983 603 2060; x_wconf 80' lang='lat' dir='ltr'><strong>indicentur,</strong></span> <span class='ocrx_word' id='word_1_157' title='bbox 635 2001 814 2065; x_wconf 83' lang='lat' dir='ltr'><strong>numquam</strong></span> <span class='ocrx_word' id='word_1_158' title='bbox 849 1982 1001 2054; x_wconf 78' lang='lat' dir='ltr'><strong>absolute</strong></span> <span class='ocrx_word' id='word_1_159' title='bbox 1039 1983 1225 2052; x_wconf 82' lang='lat' dir='ltr'><strong>determinari</strong></span> 
     </span>
     <span class='ocr_line' id='line_1_22' title="bbox 185 2065 1213 2160; baseline -0.009 -28"><span class='ocrx_word' id='word_1_160' title='bbox 185 2081 299 2160; x_wconf 84' lang='lat' dir='ltr'><strong>potest.</strong></span> <span class='ocrx_word' id='word_1_161' title='bbox 320 2067 428 2154; x_wconf 69' lang='lat' dir='ltr'><strong>Etiam</strong></span> <span class='ocrx_word' id='word_1_162' title='bbox 448 2065 529 2128; x_wconf 86' lang='lat' dir='ltr'><strong>Dill.</strong></span> <span class='ocrx_word' id='word_1_163' title='bbox 540 2076 563 2126; x_wconf 86' lang='lat' dir='ltr'><strong>t.</strong></span> <span class='ocrx_word' id='word_1_164' title='bbox 575 2069 626 2137; x_wconf 71' lang='grc'><strong>14.</strong></span> <span class='ocrx_word' id='word_1_165' title='bbox 649 2067 675 2127; x_wconf 75' lang='lat' dir='ltr'><strong>l.</strong></span> <span class='ocrx_word' id='word_1_166' title='bbox 698 2073 730 2136; x_wconf 87' lang='grc'><strong>6.</strong></span> <span class='ocrx_word' id='word_1_167' title='bbox 751 2065 785 2125; x_wconf 81' lang='lat' dir='ltr'><strong>ll·</strong></span> <span class='ocrx_word' id='word_1_168' title='bbox 803 2065 893 2142; x_wconf 85' lang='lat' dir='ltr'><strong>hanc,</strong></span> <span class='ocrx_word' id='word_1_169' title='bbox 912 2072 1008 2129; x_wconf 82' lang='lat' dir='ltr'><strong>etiam</strong></span> <span class='ocrx_word' id='word_1_170' title='bbox 1037 2073 1071 2130; x_wconf 87' lang='lat' dir='ltr'><strong>ia</strong></span> <span class='ocrx_word' id='word_1_171' title='bbox 1087 2069 1213 2129; x_wconf 82' lang='lat' dir='ltr'><strong>Grllalaa·</strong></span> 
     </span>
    </p>

    <p class='ocr_par' dir='ltr' id='par_1_8' title="bbox 186 2144 1212 2235">
     <span class='ocr_line' id='line_1_23' title="bbox 186 2144 1212 2235; baseline -0.006 -20"><span class='ocrx_word' id='word_1_172' title='bbox 186 2157 240 2219; x_wconf 85' lang='lat' dir='ltr'><strong>dla</strong></span> <span class='ocrx_word' id='word_1_173' title='bbox 253 2153 391 2226; x_wconf 84' lang='lat' dir='ltr'><strong>obviam,</strong></span> <span class='ocrx_word' id='word_1_174' title='bbox 408 2151 514 2210; x_wconf 77' lang='lat' dir='ltr'><strong>forsan</strong></span> <span class='ocrx_word' id='word_1_175' title='bbox 528 2151 680 2235; x_wconf 76' lang='lat' dir='ltr'><strong>exprimit</strong></span> <span class='ocrx_word' id='word_1_176' title='bbox 700 2171 728 2212; x_wconf 82' lang='lat' dir='ltr'><strong>e.</strong></span> <span class='ocrx_word' id='word_1_177' title='bbox 748 2169 772 2210; x_wconf 85' lang='lat' dir='ltr'><strong>s.</strong></span> <span class='ocrx_word' id='word_1_178' title='bbox 794 2169 826 2234; x_wconf 88' lang='lat' dir='ltr'><strong>p.</strong></span> <span class='ocrx_word' id='word_1_179' title='bbox 850 2144 900 2211; x_wconf 78' lang='lat' dir='ltr'><strong>Ol.</strong></span> <span class='ocrx_word' id='word_1_180' title='bbox 915 2149 1113 2214; x_wconf 70' lang='lat' dir='ltr'><strong>ventraim</strong></span> <span class='ocrx_word' id='word_1_181' title='bbox 1120 2149 1212 2217; x_wconf 62' lang='lat' dir='ltr'><strong>flora„</strong></span> 
     </span>
    </p>

    <p class='ocr_par' dir='ltr' id='par_1_9' title="bbox 185 2231 1211 2321">
     <span class='ocr_line' id='line_1_24' title="bbox 185 2231 1211 2321; baseline -0.011 -19"><span class='ocrx_word' id='word_1_182' title='bbox 185 2261 223 2303; x_wconf 86' lang='lat' dir='ltr'><strong>ex</strong></span> <span class='ocrx_word' id='word_1_183' title='bbox 245 2237 343 2300; x_wconf 85' lang='lat' dir='ltr'><strong>allata</strong></span> <span class='ocrx_word' id='word_1_184' title='bbox 370 2233 450 2296; x_wconf 90' lang='lat' dir='ltr'><strong>Dill.</strong></span> <span class='ocrx_word' id='word_1_185' title='bbox 470 2236 561 2297; x_wconf 90' lang='lat' dir='ltr'><strong>icone</strong></span> <span class='ocrx_word' id='word_1_186' title='bbox 577 2233 727 2321; x_wconf 85' lang='lat' dir='ltr'><strong>pendens,</strong></span> <span class='ocrx_word' id='word_1_187' title='bbox 744 2235 867 2320; x_wconf 85' lang='lat' dir='ltr'><strong>optime</strong></span> <span class='ocrx_word' id='word_1_188' title='bbox 893 2255 966 2296; x_wconf 83' lang='lat' dir='ltr'><strong>sane</strong></span> <span class='ocrx_word' id='word_1_189' title='bbox 986 2255 1065 2298; x_wconf 85' lang='lat' dir='ltr'><strong>cum</strong></span> <span class='ocrx_word' id='word_1_190' title='bbox 1096 2231 1211 2318; x_wconf 77' lang='lat' dir='ltr'><strong>bajart</strong></span> 
     </span>
    </p>
   </div>
   <div class='ocr_carea' id='block_1_3' title="bbox 183 2321 430 2387">
    <p class='ocr_par' dir='ltr' id='par_1_10' title="bbox 183 2321 430 2387">
     <span class='ocr_line' id='line_1_25' title="bbox 183 2321 430 2387; baseline -0.028 -1"><span class='ocrx_word' id='word_1_191' title='bbox 183 2321 342 2387; x_wconf 86' lang='lat' dir='ltr'><strong>convenit.</strong></span> <span class='ocrx_word' id='word_1_192' title='bbox 424 2336 430 2345; x_wconf 93' lang='lat'>·</span> 
     </span>
    </p>
   </div>
   <div class='ocr_carea' id='block_1_4' title="bbox 177 2415 1210 3818">
    <p class='ocr_par' dir='ltr' id='par_1_11' title="bbox 177 2415 1223 3818">
     <span class='ocr_line' id='line_1_26' title="bbox 186 2415 1210 2520; baseline -0.005 -17"><span class='ocrx_word' id='word_1_193' title='bbox 186 2425 269 2503; x_wconf 83' lang='lat'><strong>203.</strong></span> <span class='ocrx_word' id='word_1_194' title='bbox 294 2415 540 2512; x_wconf 74' lang='lat' dir='ltr'><strong>CLADONlA</strong></span> <span class='ocrx_word' id='word_1_195' title='bbox 562 2421 778 2499; x_wconf 74' lang='lat' dir='ltr'><strong>strorninea</strong></span> <span class='ocrx_word' id='word_1_196' title='bbox 789 2471 803 2508; x_wconf 90' lang='lat'>‚</span> <span class='ocrx_word' id='word_1_197' title='bbox 846 2415 965 2493; x_wconf 85' lang='lat' dir='ltr'><strong>thalla</strong></span> <span class='ocrx_word' id='word_1_198' title='bbox 998 2418 1210 2520; x_wconf 70' lang='lat' dir='ltr'><strong>squamulae</strong></span> 
     </span>
     <span class='ocr_line' id='line_1_27' title="bbox 235 2521 1208 2628; baseline -0.014 -26"><span class='ocrx_word' id='word_1_199' title='bbox 235 2523 395 2628; x_wconf 86' lang='lat' dir='ltr'><strong>podetiis</strong></span> <span class='ocrx_word' id='word_1_200' title='bbox 431 2521 652 2622; x_wconf 85' lang='lat' dir='ltr'><strong>cylindricis</strong></span> <span class='ocrx_word' id='word_1_201' title='bbox 685 2521 932 2621; x_wconf 80' lang='lat' dir='ltr'><strong>cartilagineis</strong></span> <span class='ocrx_word' id='word_1_202' title='bbox 968 2522 1123 2621; x_wconf 84' lang='lat' dir='ltr'><strong>pallidis</strong></span> <span class='ocrx_word' id='word_1_203' title='bbox 1153 2542 1208 2594; x_wconf 81' lang='lat' dir='ltr'><strong>mot</strong></span> 
     </span>
     <span class='ocr_line' id='line_1_28' title="bbox 183 2621 1208 2726; baseline -0.005 -26"><span class='ocrx_word' id='word_1_204' title='bbox 183 2697 185 2700; x_wconf 83' lang='lat'>.</span> <span class='ocrx_word' id='word_1_205' title='bbox 235 2623 732 2726; x_wconf 73' lang='lat' dir='ltr'><strong>squammoso-decorticatis,</strong></span> <span class='ocrx_word' id='word_1_206' title='bbox 744 2621 825 2696; x_wconf 85' lang='lat' dir='ltr'><strong>bosi</strong></span> <span class='ocrx_word' id='word_1_207' title='bbox 851 2623 1146 2708; x_wconf 79' lang='lat' dir='ltr'><strong>lassescentibus,</strong></span> <span class='ocrx_word' id='word_1_208' title='bbox 1156 2645 1208 2718; x_wconf 66' lang='lat' dir='ltr'><strong>scy-</strong></span> 
     </span>
     <span class='ocr_line' id='line_1_29' title="bbox 193 2725 1208 2829; baseline -0.013 -24"><span class='ocrx_word' id='word_1_209' title='bbox 193 2801 195 2805; x_wconf 85' lang='lat'>.</span> <span class='ocrx_word' id='word_1_210' title='bbox 232 2729 318 2829; x_wconf 88' lang='lat' dir='ltr'><strong>phis</strong></span> <span class='ocrx_word' id='word_1_211' title='bbox 336 2725 680 2827; x_wconf 80' lang='lat' dir='ltr'><strong>eupulaelormibus‚</strong></span> <span class='ocrx_word' id='word_1_212' title='bbox 704 2725 906 2824; x_wconf 86' lang='lat' dir='ltr'><strong>apotheciis</strong></span> <span class='ocrx_word' id='word_1_213' title='bbox 940 2727 1121 2800; x_wconf 85' lang='lat' dir='ltr'><strong>carneolis</strong></span> <span class='ocrx_word' id='word_1_214' title='bbox 1146 2725 1208 2796; x_wconf 78' lang='lat' dir='ltr'><strong>luta·</strong></span> 
     </span>
     <span class='ocr_line' id='line_1_30' title="bbox 231 2827 1174 2925; baseline -0.005 -23"><span class='ocrx_word' id='word_1_215' title='bbox 231 2827 427 2902; x_wconf 87' lang='lat' dir='ltr'><strong>scentibas.</strong></span> <span class='ocrx_word' id='word_1_216' title='bbox 462 2832 666 2924; x_wconf 60' lang='lat' dir='ltr'><strong>Somme&#39;rjfi</strong></span> <span class='ocrx_word' id='word_1_217' title='bbox 691 2830 822 2924; x_wconf 81' lang='lat' dir='ltr'><strong>Lapp.</strong></span> <span class='ocrx_word' id='word_1_218' title='bbox 842 2855 886 2925; x_wconf 82' lang='lat' dir='ltr'><strong>p.</strong></span> <span class='ocrx_word' id='word_1_219' title='bbox 913 2829 997 2900; x_wconf 79' lang='lat'><strong>228.</strong></span> <span class='ocrx_word' id='word_1_220' title='bbox 1031 2829 1174 2902; x_wconf 85' lang='lat' dir='ltr'><strong>Cenum.</strong></span> 
     </span>
     <span class='ocr_line' id='line_1_31' title="bbox 280 2925 1207 3030; baseline -0.008 -26"><span class='ocrx_word' id='word_1_221' title='bbox 280 2931 326 3004; x_wconf 91' lang='lat' dir='ltr'><strong>In</strong></span> <span class='ocrx_word' id='word_1_222' title='bbox 351 2933 510 3030; x_wconf 84' lang='lat' dir='ltr'><strong>Europae</strong></span> <span class='ocrx_word' id='word_1_223' title='bbox 545 2925 893 3006; x_wconf 86' lang='lat' dir='ltr'><strong>orientali-borealis</strong></span> <span class='ocrx_word' id='word_1_224' title='bbox 928 2931 1106 3004; x_wconf 80' lang='lat' dir='ltr'><strong>muscosis</strong></span> <span class='ocrx_word' id='word_1_225' title='bbox 1134 2925 1207 3000; x_wconf 84' lang='lat' dir='ltr'><strong>steri·</strong></span> 
     </span>
     <span class='ocr_line' id='line_1_32' title="bbox 181 3028 1181 3135; baseline -0.006 -27"><span class='ocrx_word' id='word_1_226' title='bbox 181 3029 291 3118; x_wconf 87' lang='lat' dir='ltr'><strong>libus,</strong></span> <span class='ocrx_word' id='word_1_227' title='bbox 309 3055 425 3135; x_wconf 85' lang='lat' dir='ltr'><strong>¹supra</strong></span> <span class='ocrx_word' id='word_1_228' title='bbox 446 3057 543 3120; x_wconf 78' lang='lat' dir='ltr'><strong>saxa,</strong></span> <span class='ocrx_word' id='word_1_229' title='bbox 571 3057 668 3108; x_wconf 84' lang='lat' dir='ltr'><strong>rara.</strong></span> <span class='ocrx_word' id='word_1_230' title='bbox 694 3029 830 3131; x_wconf 84' lang='lat' dir='ltr'><strong>(Forte</strong></span> <span class='ocrx_word' id='word_1_231' title='bbox 849 3028 1041 3104; x_wconf 86' lang='lat' dir='ltr'><strong>inSiheria</strong></span> <span class='ocrx_word' id='word_1_232' title='bbox 1068 3031 1181 3129; x_wconf 78' lang='lat' dir='ltr'><strong>ireque</strong></span> 
     </span>
     <span class='ocr_line' id='line_1_33' title="bbox 179 3137 704 3210; baseline -0.01 0"><span class='ocrx_word' id='word_1_233' title='bbox 179 3137 288 3210; x_wconf 85' lang='lat' dir='ltr'><strong>tior.</strong></span> <span class='ocrx_word' id='word_1_234' title='bbox 702 3173 704 3178; x_wconf 96' lang='lat'>·</span> 
     </span>
     <span class='ocr_line' id='line_1_34' title="bbox 189 3133 1183 3318; baseline -0.009 -18"><span class='ocrx_word' id='word_1_235' title='bbox 189 3233 207 3300; x_wconf 72' lang='grc'><strong>.“</strong></span> <span class='ocrx_word' id='word_1_236' title='bbox 253 3133 394 3318; x_wconf 77' lang='lat' dir='ltr'><strong>)Species</strong></span> <span class='ocrx_word' id='word_1_237' title='bbox 415 3231 520 3295; x_wconf 85' lang='lat' dir='ltr'><strong>minus</strong></span> <span class='ocrx_word' id='word_1_238' title='bbox 545 3243 632 3313; x_wconf 88' lang='lat' dir='ltr'><strong>nota,</strong></span> <span class='ocrx_word' id='word_1_239' title='bbox 654 3231 806 3298; x_wconf 79' lang='lat' dir='ltr'><strong>hactenns</strong></span> <span class='ocrx_word' id='word_1_240' title='bbox 825 3241 953 3296; x_wconf 85' lang='lat' dir='ltr'><strong>tantum</strong></span> <span class='ocrx_word' id='word_1_241' title='bbox 975 3231 1037 3294; x_wconf 85' lang='lat' dir='ltr'><strong>sub</strong></span> <span class='ocrx_word' id='word_1_242' title='bbox 1060 3233 1145 3294; x_wconf 86' lang='lat' dir='ltr'><strong>unica</strong></span> <span class='ocrx_word' id='word_1_243' title='bbox 1158 3229 1183 3292; x_wconf 80' lang='lat' dir='ltr'><strong>to</strong></span> 
     </span>
     <span class='ocr_line' id='line_1_35' title="bbox 180 3313 1204 3400; baseline -0.011 -19"><span class='ocrx_word' id='word_1_244' title='bbox 180 3341 243 3398; x_wconf 85' lang='lat' dir='ltr'><strong>roa,</strong></span> <span class='ocrx_word' id='word_1_245' title='bbox 265 3328 299 3390; x_wconf 77' lang='lat' dir='ltr'><strong>at</strong></span> <span class='ocrx_word' id='word_1_246' title='bbox 325 3313 489 3377; x_wconf 81' lang='lat' dir='ltr'><strong>evidenter</strong></span> <span class='ocrx_word' id='word_1_247' title='bbox 518 3315 615 3400; x_wconf 82' lang='lat' dir='ltr'><strong>hujus</strong></span> <span class='ocrx_word' id='word_1_248' title='bbox 646 3321 757 3396; x_wconf 84' lang='lat' dir='ltr'><strong>seriei,</strong></span> <span class='ocrx_word' id='word_1_249' title='bbox 777 3339 834 3382; x_wconf 86' lang='lat' dir='ltr'><strong>nec</strong></span> <span class='ocrx_word' id='word_1_250' title='bbox 855 3337 930 3378; x_wconf 88' lang='lat' dir='ltr'><strong>cum</strong></span> <span class='ocrx_word' id='word_1_251' title='bbox 961 3317 1147 3400; x_wconf 73' lang='lat' dir='ltr'><strong>precedente</strong></span> <span class='ocrx_word' id='word_1_252' title='bbox 1169 3325 1204 3370; x_wconf 80' lang='lat' dir='ltr'><strong>net</strong></span> 
     </span>
     <span class='ocr_line' id='line_1_36' title="bbox 180 3397 1206 3488; baseline -0.008 -22"><span class='ocrx_word' id='word_1_253' title='bbox 180 3410 331 3488; x_wconf 88' lang='lat' dir='ltr'><strong>sequente</strong></span> <span class='ocrx_word' id='word_1_254' title='bbox 351 3399 579 3482; x_wconf 79' lang='lat' dir='ltr'><strong>conjungenda.</strong></span> <span class='ocrx_word' id='word_1_255' title='bbox 622 3398 806 3484; x_wconf 80' lang='lat' dir='ltr'><strong>Epidermis</strong></span> <span class='ocrx_word' id='word_1_256' title='bbox 837 3401 1040 3486; x_wconf 85' lang='lat' dir='ltr'><strong>podetiorum</strong></span> <span class='ocrx_word' id='word_1_257' title='bbox 1071 3397 1206 3474; x_wconf 73' lang='lat' dir='ltr'><strong>cartilagi-</strong></span> 
     </span>
     <span class='ocr_line' id='line_1_37' title="bbox 178 3477 1176 3570; baseline -0.011 -21"><span class='ocrx_word' id='word_1_258' title='bbox 178 3505 238 3550; x_wconf 85' lang='lat' dir='ltr'><strong>nea</strong></span> <span class='ocrx_word' id='word_1_259' title='bbox 250 3497 305 3560; x_wconf 86' lang='lat' dir='ltr'><strong>est,</strong></span> <span class='ocrx_word' id='word_1_260' title='bbox 314 3501 386 3546; x_wconf 82' lang='lat' dir='ltr'><strong>mox</strong></span> <span class='ocrx_word' id='word_1_261' title='bbox 402 3492 440 3542; x_wconf 84' lang='lat' dir='ltr'><strong>ut</strong></span> <span class='ocrx_word' id='word_1_262' title='bbox 450 3483 493 3542; x_wconf 68' lang='lat' dir='ltr'><strong>ia⁴</strong></span> <span class='ocrx_word' id='word_1_263' title='bbox 506 3477 736 3570; x_wconf 68' lang='lat' dir='ltr'><strong>aequoniam</strong></span> <span class='ocrx_word' id='word_1_264' title='bbox 752 3481 786 3548; x_wconf 71' lang='lat' dir='ltr'><strong>dt</strong></span> <span class='ocrx_word' id='word_1_265' title='bbox 800 3481 1009 3548; x_wconf 77' lang='lat' dir='ltr'><strong>damrtt&#39;oato</strong></span> <span class='ocrx_word' id='word_1_266' title='bbox 1028 3487 1060 3546; x_wconf 88' lang='lat' dir='ltr'><strong>in</strong></span> <span class='ocrx_word' id='word_1_267' title='bbox 1080 3501 1176 3564; x_wconf 61' lang='lat' dir='ltr'><strong>quam</strong></span> 
     </span>
     <span class='ocr_line' id='line_1_38' title="bbox 178 3561 1189 3652; baseline -0.012 -18"><span class='ocrx_word' id='word_1_268' title='bbox 178 3572 225 3634; x_wconf 88' lang='lat' dir='ltr'><strong>las</strong></span> <span class='ocrx_word' id='word_1_269' title='bbox 247 3579 314 3630; x_wconf 84' lang='lat' dir='ltr'><strong>tota</strong></span> <span class='ocrx_word' id='word_1_270' title='bbox 334 3567 454 3632; x_wconf 76' lang='lat' dir='ltr'><strong>obiens.</strong></span> <span class='ocrx_word' id='word_1_271' title='bbox 497 3565 634 3630; x_wconf 81' lang='lat' dir='ltr'><strong>Podetia</strong></span> <span class='ocrx_word' id='word_1_272' title='bbox 660 3571 784 3652; x_wconf 85' lang='lat' dir='ltr'><strong>ipsa‚ut</strong></span> <span class='ocrx_word' id='word_1_273' title='bbox 806 3572 840 3632; x_wconf 87' lang='lat' dir='ltr'><strong>in</strong></span> <span class='ocrx_word' id='word_1_274' title='bbox 862 3565 898 3632; x_wconf 84' lang='lat' dir='ltr'><strong>C.</strong></span> <span class='ocrx_word' id='word_1_275' title='bbox 913 3564 1056 3650; x_wconf 68' lang='lat' dir='ltr'><strong>gracili,</strong></span> <span class='ocrx_word' id='word_1_276' title='bbox 1075 3561 1189 3648; x_wconf 80' lang='lat' dir='ltr'><strong>cyliadn&#39;</strong></span> 
     </span>
     <span class='ocr_line' id='line_1_39' title="bbox 177 3649 1202 3734; baseline -0.006 -20"><span class='ocrx_word' id='word_1_277' title='bbox 177 3674 224 3730; x_wconf 86' lang='lat' dir='ltr'><strong>oa,</strong></span> <span class='ocrx_word' id='word_1_278' title='bbox 240 3653 366 3731; x_wconf 81' lang='lat' dir='ltr'><strong>omnia,</strong></span> <span class='ocrx_word' id='word_1_279' title='bbox 387 3658 542 3734; x_wconf 85' lang='lat' dir='ltr'><strong>quatenus</strong></span> <span class='ocrx_word' id='word_1_280' title='bbox 563 3649 721 3716; x_wconf 84' lang='lat' dir='ltr'><strong>hactenus</strong></span> <span class='ocrx_word' id='word_1_281' title='bbox 740 3653 893 3730; x_wconf 88' lang='lat' dir='ltr'><strong>innotuit,</strong></span> <span class='ocrx_word' id='word_1_282' title='bbox 917 3653 952 3712; x_wconf 85' lang='lat' dir='ltr'><strong>in</strong></span> <span class='ocrx_word' id='word_1_283' title='bbox 971 3671 1024 3734; x_wconf 79' lang='lat' dir='ltr'><strong>say</strong></span> <span class='ocrx_word' id='word_1_284' title='bbox 1049 3651 1103 3712; x_wconf 80' lang='lat' dir='ltr'><strong>lios</strong></span> <span class='ocrx_word' id='word_1_285' title='bbox 1123 3664 1202 3726; x_wconf 76' lang='lat' dir='ltr'><strong>capu·</strong></span> 
     </span>
     <span class='ocr_line' id='line_1_40' title="bbox 177 3673 1201 3818; baseline -0.007 -21"><span class='ocrx_word' id='word_1_286' title='bbox 177 3737 344 3810; x_wconf 67' lang='lat' dir='ltr'><strong>latomos,</strong></span> <span class='ocrx_word' id='word_1_287' title='bbox 365 3735 522 3794; x_wconf 86' lang='lat' dir='ltr'><strong>rarissime</strong></span> <span class='ocrx_word' id='word_1_288' title='bbox 541 3735 727 3818; x_wconf 76' lang='lat' dir='ltr'><strong>proliseros,</strong></span> <span class='ocrx_word' id='word_1_289' title='bbox 754 3734 916 3798; x_wconf 87' lang='lat' dir='ltr'><strong>abeuntia.</strong></span> <span class='ocrx_word' id='word_1_290' title='bbox 948 3765 990 3781; x_wconf 85' lang='grc'><strong>-</strong></span> <span class='ocrx_word' id='word_1_291' title='bbox 1022 3673 1112 3798; x_wconf 53' lang='lat' dir='ltr'><strong>glad</strong></span> <span class='ocrx_word' id='word_1_292' title='bbox 1131 3737 1201 3790; x_wconf 72' lang='lat' dir='ltr'><strong>clm*</strong></span> 
     </span>
    </p>
   </div>
   <div class='ocr_carea' id='block_1_5' title="bbox 176 3807 1197 3988">
    <p class='ocr_par' dir='ltr' id='par_1_12' title="bbox 176 3807 1197 3988">
     <span class='ocr_line' id='line_1_41' title="bbox 176 3807 1197 3904; baseline -0.007 -23"><span class='ocrx_word' id='word_1_293' title='bbox 176 3817 294 3882; x_wconf 68' lang='lat' dir='ltr'><strong>musea</strong></span> <span class='ocrx_word' id='word_1_294' title='bbox 314 3817 365 3878; x_wconf 88' lang='lat' dir='ltr'><strong>Fl.</strong></span> <span class='ocrx_word' id='word_1_295' title='bbox 384 3815 518 3894; x_wconf 82' lang='lat' dir='ltr'><strong>clad.,e</strong></span> <span class='ocrx_word' id='word_1_296' title='bbox 540 3819 639 3882; x_wconf 84' lang='lat' dir='ltr'><strong>deser.</strong></span> <span class='ocrx_word' id='word_1_297' title='bbox 661 3811 695 3881; x_wconf 68' lang='grc' dir='ltr'><strong>ἃ</strong></span> <span class='ocrx_word' id='word_1_298' title='bbox 714 3841 781 3902; x_wconf 85' lang='lat' dir='ltr'><strong>syn.</strong></span> <span class='ocrx_word' id='word_1_299' title='bbox 801 3819 956 3904; x_wconf 88' lang='lat' dir='ltr'><strong>primario</strong></span> <span class='ocrx_word' id='word_1_300' title='bbox 980 3807 1197 3882; x_wconf 57' lang='lat' dir='ltr'><strong>&amp;olitaria-</strong></span> 
     </span>
     <span class='ocr_line' id='line_1_42' title="bbox 176 3898 907 3988; baseline 0.004 -27"><span class='ocrx_word' id='word_1_301' title='bbox 176 3917 232 3974; x_wconf 70' lang='grc' dir='ltr'><strong>μω</strong></span> <span class='ocrx_word' id='word_1_302' title='bbox 254 3899 391 3975; x_wconf 84' lang='lat' dir='ltr'><strong>excluso,</strong></span> <span class='ocrx_word' id='word_1_303' title='bbox 416 3898 456 3959; x_wconf 88' lang='lat' dir='ltr'><strong>ad</strong></span> <span class='ocrx_word' id='word_1_304' title='bbox 479 3901 620 3983; x_wconf 84' lang='lat' dir='ltr'><strong>priorem</strong></span> <span class='ocrx_word' id='word_1_305' title='bbox 647 3906 757 3986; x_wconf 89' lang='lat' dir='ltr'><strong>potius</strong></span> <span class='ocrx_word' id='word_1_306' title='bbox 777 3913 907 3988; x_wconf 85' lang='lat' dir='ltr'><strong>spectat.</strong></span> 
     </span>
    </p>
   </div>
   <div class='ocr_carea' id='block_1_6' title="bbox 177 3997 1194 4107">
    <p class='ocr_par' dir='ltr' id='par_1_13' title="bbox 177 3997 1194 4107">
     <span class='ocr_line' id='line_1_43' title="bbox 177 3997 1194 4107; baseline 0.014 -36"><span class='ocrx_word' id='word_1_307' title='bbox 177 4000 260 4088; x_wconf 58' lang='lat' dir='ltr'><strong>solt.</strong></span> <span class='ocrx_word' id='word_1_308' title='bbox 287 3997 535 4078; x_wconf 74' lang='lat' dir='ltr'>CLADONIA</span> <span class='ocrx_word' id='word_1_309' title='bbox 561 4007 758 4104; x_wconf 74' lang='lat' dir='ltr'><strong>Betrytis,</strong></span> <span class='ocrx_word' id='word_1_310' title='bbox 782 4003 899 4085; x_wconf 78' lang='lat' dir='ltr'><strong>thalla</strong></span> <span class='ocrx_word' id='word_1_311' title='bbox 913 3999 1194 4107; x_wconf 63' lang='lat' dir='ltr'><strong>squamulmil&#39;</strong></span> 
     </span>
    </p>
   </div>
   <div class='ocr_carea' id='block_1_7' title="bbox 0 0 1236 4598">
    <p class='ocr_par' dir='ltr' id='par_1_14' title="bbox 0 0 1236 4598">
     <span class='ocr_line' id='line_1_44' title="bbox 0 0 1236 4598; baseline 0 4"><span class='ocrx_word' id='word_1_312' title='bbox 0 0 1236 4598; x_wconf 95' lang='lat' dir='ltr'><strong> </strong></span> 
     </span>
    </p>
   </div>
  </div>
 </body>
</html>
