2470 4602
412 230 652 309 Pbstmb'
789 304 791 313 ,
990 247 1065 343 ι’ὶ-’Ῑι

20 427 82 474 tut
94 401 260 492 Ἠ
279 405 440 474 asstanti
459 409 722 484 satisfacientem,
738 403 964 492 affl'
984 411 1066 479 u,

19 492 230 570 admittentem,
259 513 435 576 proponere
460 491 590 552 difficile
618 499 675 550 est.
717 491 855 554 Maxime
880 497 1053 560 essentialis

18 587 54 636 est
75 595 179 658 mergo
201 577 323 638 lamine
345 579 468 658 (saepius
498 575 530 634 in
552 571 677 634 ambitu
700 571 820 651 liberae)
852 581 1051 660 conspicuus,

18 659 134 736 quiuis
155 661 214 730 nisi
240 663 273 722 in
298 655 336 720 P.
358 651 564 722 aurantlaca
592 657 708 738 prioris
738 655 843 736 tribus
863 659 1052 737 observatur

17 737 91 803 &in
113 741 168 804 ille
189 753 233 803 est
253 743 389 824 excipuli
413 741 538 822 proprii
562 739 800 813 rudimentum
833 753 974 804 ceterum
997 745 1049 806 di.

16 847 58 890 sco
77 825 142 886 late
162 826 324 904 colorato,
356 827 441 886 nudo
463 819 523 902 &c
554 823 648 882 facile
676 818 832 884 distincta.
876 826 987 888 Discus
1014 847 1071 887 e„

17 910 80 972 nim.
96 907 353 969 Urceolariarusu
394 927 517 990 semper
550 905 622 988 plus
657 903 762 964 minus
792 909 968 988 nigrescens
994 921 1051 990 est,

16 993 172 1072 sepiusque
191 991 488 1073 cassio-pruinosus,
520 1009 592 1052 cum
627 991 657 1048 in
692 987 793 1068 priori
825 991 915 1055 tribu
948 993 1051 1055 discus

17 1075 184 1136 normaliter
209 1073 314 1146 nudam
334 1085 393 1136 aut
415 1075 530 1156 pruina
552 1071 735 1150 tenuissime
762 1072 871 1154 albida
900 1077 952 1134 vix
984 1077 1050 1136 dis-

17 1155 145 1218 cernibili
167 1155 325 1232 obtectus,
333 1159 392 1222 uisi
415 1161 447 1219 in
469 1157 618 1216 formiae
642 1151 709 1212 loco
730 1153 794 1215 udo
814 1160 975 1239 corruptis
994 1158 1051 1218 dea

17 1240 203 1316 generetisve.
252 1229 479 1320 Hypotb'allus,
501 1241 596 1300 unius
614 1237 728 1320 speciei
757 1249 906 1318 excepto,
928 1243 960 1298 in
983 1237 1054 1300 Ur-¹

17 1323 144 1384 ceolariis
160 1321 266 1398 albus,
288 1321 364 1384 locis
390 1321 499 1384 libelis
517 1341 596 1404 saepe
621 1324 652 1380 in
673 1317 800 1402 ambitu
820 1321 1050 1383 librilloso-ra-

17 1403 97 1465 diens.
136 1405 390 1488 Apotheciorum
414 1408 517 1476 lbrma
538 1401 700 1466 urceolata
713 1405 819 1478 minus
839 1415 983 1464 constans
996 1419 1052 1486 est,
1113 1453 1118 1462 .

18 1485 139 1550 vidimus
157 1491 192 1551 ln
227 1483 267 1549 P.
290 1483 432 1550 sordida
473 1483 593 1549 discum
621 1477 655 1546 dt
687 1485 790 1547 thallo
813 1489 994 1548 immersum
1020 1486 1052 1550 ἃ

17 1569 263 1648 protuberantem
286 1573 582 1648 terrucaeformem,
610 1568 663 1630 sed
687 1567 792 1631 tballo
811 1573 925 1651 utique
955 1581 1046 1650 magi-

17 1653 202 1732 innatantem,
224 1655 300 1716 licet
321 1654 425 1736 thallo
444 1657 475 1714 in
497 1671 644 1716 verrucas
656 1652 824 1731 effigurato
843 1663 900 1714 aut
918 1668 1048 1738 pratrisf-
1110 1657 1145 1710 ⁶,

17 1753 44 1793 to
61 1739 192 1800 scutelle
214 1741 352 1800 sormam
378 1738 542 1820 apothecia
565 1737 707 1798 induant.
753 1736 804 1798 Sic
827 1746 859 1796 et'
869 1737 983 1798 multis
995 1738 1052 1800 v'e-
1102 1781 1107 1788 ι

17 1817 52 1876 n‘s
74 1819 266 1898 Patellariis,
289 1820 374 1882 disco
401 1823 625 1898 immarginato
645 1813 679 1876 ἃ
692 1819 789 1895 nudo,
808 1819 977 1901 apothecis
991 1829 1052 1882 im-

17 1901 186 1978 perfectiora
209 1895 542 1965 irresoluto-immersa
571 1925 600 1962 v.
621 1923 647 1962 c.
677 1895 715 1962 P.
737 1899 902 1978 cahereoe,
928 1903 1003 1964 hinc
1023 1918 1053 1966 et

18 1983 165 2048 Lecanoris
187 1983 220 2048 ἃ
242 1985 437 2048 Urceoleriis
459 1989 634 2067 adscriptae.
661 2017 700 2028 ·-
729 1987 816 2046 Disci
838 1987 955 2067 pruina
978 2001 1052 2050 tan-

18 2075 75 2126 tum
96 2068 170 2132 locis
191 2071 432 2132 humidioribus
455 2073 487 2131 in
509 2069 702 2130 Urceolariis
731 2068 947 2145 desideratam,
978 2077 1054 2154 qui-

17 2145 66 2210 bus
86 2151 157 2214 locis
177 2157 331 2214 oriuntur
345 2155 495 2214 Placodia
528 2147 561 2212 ἃ
583 2153 760 2212 Patelleriae
790 2153 948 2234 pruinosae
969 2177 1006 2216 vv.
1028 2177 1054 2217 c.

19 2223 256 2298 lliuerustane
275 2230 308 2296 ἃ
330 2233 513 2312 obliterato
533 2237 607 2296 Dec.
629 2256 648 2294 a
668 2253 861 2308 maerorum,
896 2229 935 2294 P.
958 2237 1055 2298 oblo-

19 2311 142 2380 romara-
158 2342 179 2382 a
202 2316 243 2382 P.
270 2318 387 2380 carano
410 2315 470 2380 &a
501 2331 543 2365 -·'
571 2318 686 2378 Omnes
722 2317 914 2378 Urceolariae
936 2340 959 2378 e.
975 2325 1054 2384 serie

18 2395 173 2479 Glauca&
191 2403 250 2464 alii
276 2404 397 2464 colores
417 2401 620 2464 accidentales
643 2399 868 2460 aberrationes.

51 2481 77 2559 ’l‘
116 2481 322 2582 Apotheoiis
351 2477 690 2565 seutelltesormibua,
713 2479 880 2562 margine
902 2481 1055 2550 thollode

88 2586 239 2710 ponesano
251 2611 261 2644 ,
285 2563 379 2630 diaco
393 2567 501 2650 plano
531 2566 689 2628 incarneo
713 2561 850 2627 άεηιαηι
873 2561 1054 2650 subprotu-
1077 2575 1082 2584 ’

110 2651 238 2714 naute.
286 2651 458 2712 Lecenorae.
481 2647 571 2712 Acle.

27 2763 92 2864 aar.
118 2767 367 2848 PARMELIA
391 2773 579 2866 repando,
606 2779 725 2843 crusta
751 2769 1054 2868 emylaceocom·

58 2883 154 2963 pacta
190 2869 359 2968 laevigata
395 2871 636 2942 determinata
671 2869 1054 2967 glauco-candicante,

58 2967 270 3068 hypothallo
295 2971 474 3044 fibrilloso
504 2970 597 3054 albo,
624 2971 823 3068 apotheciis
849 2973 1055 3049 tuberculo-

61 3071 283 3156 soatevatis,
318 3073 417 3146 disco
455 3071 773 3170 caesio-pruinoso,
801 3075 901 3152 intus
928 3079 1053 3176 raigro,

63 3175 219 3270 margine
245 3169 407 3246 thallodc
435 3175 575 3246 elevato
605 3171 732 3246 obtuso
752 3177 977 3274 persistente.

102 3276 156 3348 Aa
193 3299 236 3346 ru
265 3301 301 3347 es
340 3276 516 3348 calcareas
548 3273 679 3346 Galliae
718 3277 968 3352 meridionalis
1005 3281 1053 3351 ad
1119 3262 1128 3280 ⁸

20 3365 199 3452 Massiliam
307 3379 505 3466 Rrevost!‚
528 3379 711 3476 praecipue
731 3377 811 3450 loco
839 3379 1053 3454 Montredon

22 3469 107 3547 dicto
134 3477 275 3574 copiose
304 3481 487 3576 Dufour!
499 3507 515 3570 ,·
537 3478 578 3549 in
605 3475 791 3578 Pyrenaeis
816 3481 1054 3554 orientalibus

21 3574 241 3672 Montagne!
342 3623 349 3636 x
533 3610 534 3614 ¹
575 3601 582 3617 ¹
696 3589 703 3606 ⁸

94 3675 271 3739 Admodum
292 3679 482 3762 spectabilis,
514 3674 640 3740 ambitu
670 3643 883 3742 determinato
913 3679 1054 3764 repando
1130 3691 1139 3696 “

23 3752 166 3820 edPsoras
186 3762 400 3837 accedeos‚sed
418 3763 548 3842 habitus
572 3767 769 3844 sequentiae
781 3783 845 3845 qua
868 3763 1054 3836 dissolutus

25 3844 158 3930 aterrimo
179 3838 238 3904 &c
261 3845 385 3906 abunde
412 3846 543 3907 diversa.
588 3847 723 3907 Thallus
754 3865 837 3906 mere
859 3851 1055 3924 ‘errastaceuu

27 3935 50 3976 tn
72 3927 188 4005 optimo
204 3927 311 4008 vigore
334 3927 461 3989 librillis
482 3929 564 3992 albis
588 3930 785 4006 fimbriatus,
806 3931 956 4010 primitus
977 3949 1055 3989 con-

28 4002 122 4084 liguas
144 4001 177 4070 δι
200 4009 373 4093 levigatus,
392 4011 521 4075 demum
546 4033 621 4080 vero
643 4013 939 4096 rimoso-areolatus
959 4005 993 4072 ἃ
1006 4016 1058 4075 in·

940 4103 981 4168 12
