2506 4610
172 267 215 336 10
381 307 396 333 ,
561 251 861 320 memnones.

267 423 335 488 Hoc
356 423 427 486 loco
447 419 695 484 Permelieoenm
716 425 840 502 seriem,
856 432 894 486 nt
907 427 1091 501 neutralem,
1109 426 1142 486 in
1162 441 1219 486 me·

167 511 232 582 ,dio
261 511 354 591 posui
376 507 539 587 simulque
561 517 599 566 nt
613 507 716 568 ideam
733 509 890 570 traderem
912 509 1130 592 dispositionis
1147 505 1219 570 Per-

167 589 353 659 *soonianoe
374 591 414 650 ed
439 592 628 650 recentiores
649 611 832 672 progressus
854 593 1106 674 accommodetee.
1158 593 1218 672 Quo

176 680 312 743 inferius
326 675 541 734 descendimus
559 693 596 747 eo
617 674 797 736 evidentior·
818 678 974 754 analogio,
993 687 1030 738 ut
1050 677 1111 741 hec
1130 679 1218 736 retio-

174 783 226 838 ne‚
252 767 422 846 perspecte
435 777 547 838 nempe
561 777 653 832 nexu,
673 757 871 839 Graphideas
890 760 1044 820 divellere
1069 761 1218 842 possimus

175 847 326 907 Ceterum
347 843 492 922 analogia
514 842 597 900 inter
621 861 734 920 genere
769 845 939 926 utriusque
963 845 1146 904 seriei‘tem
1173 861 1216 902 ex·

174 928 284 1010 cipnlo
304 929 448 1008 proprio,
467 943 562 1007 quem
594 924 738 986 thallode
767 925 946 987 evidentior
974 938 1031 1002 est,
1061 947 1158 1008 quem
1188 945 1217 984 er

172 1013 330 1074 thalamis
351 1005 527 1070 disciformi
549 1001 583 1069 &
604 1008 818 1086 npcleiformi,
843 1009 932 1092 quod
949 1019 1102 1094 sequente
1122 1011 1215 1091 dispo·

174 1099 288 1160 sitione
309 1095 490 1176 exponitur.
787 1116 791 1126 ¹
980 1145 982 1151 .

257 1195 297 1257 ll.
320 1193 353 1254 Si
376 1213 453 1253 vero
464 1191 624 1274 optaveris
640 1185 799 1274 Systema
822 1193 922 1272 magis
939 1187 1211 1276 physiologicom

173 1281 322 1348 thalamii
337 1277 530 1338 evolationis
551 1276 667 1355 gradus
681 1279 790 1336 stricte
803 1295 946 1358 sequens,
959 1277 1070 1358 quales
1092 1278 1123 1336 in
1138 1275 1212 1353 Phy-

172 1367 306 1446 siologia
327 1361 502 1422 Lichenum
521 1360 651 1441 exposui
669 1360 710 1404 -‘-
730 1379 845 1438 genere
870 1362 974 1420 omnia
996 1362 1027 1419 in
1052 1359 1211 1442 simplicem

174 1453 285 1513 seriem
317 1447 477 1526 adaptate,
508 1453 546 1501 ut
571 1442 733 1522 singulum
765 1444 848 1504 inter
879 1443 1130 1524 duovpnoxr'me,
1157 1460 1212 1522 qne

99 1553 106 1578 ⁸
173 1543 230 1596 eut
251 1531 435 1594 evolutione
464 1545 629 1609 suppressa
652 1537 709 1587 eut
733 1546 831 1608 supro
860 1530 1036 1608 normalem
1073 1526 1211 1610 explicate

174 1619 294 1691 refert,
332 1609 518 1672 intrudatur
546 1641 588 1654 -
619 1613 724 1670 minus
754 1630 868 1674 cunnos
897 1613 922 1672 si
944 1613 1093 1692 superius
1124 1609 1208 1669 collo·

170 1711 240 1764 ceta
265 1715 378 1778 genera
399 1698 432 1756 in
446 1693 561 1754 ¹eedem
586 1695 724 1754 sectione
745 1715 780 1754 ne
810 1696 877 1776 ipse
899 1695 1139 1778 imperfectiora
1160 1693 1208 1750 sini

170 1820 208 1833 -
226 1784 292 1842 tale
303 1778 454 1839 facillime
474 1779 666 1860 proponitur
679 1779 719 1838 od
734 1779 872 1862 excipuli
884 1777 1034 1853 indolem,
1059 1797 1128 1860 quae
1147 1774 1207 1836 the·

133 1884 142 1901 ·
172 1869 261 1932 lamii
284 1864 497 1925 evolutionem
521 1863 721 1922 determinet.
765 1861 832 1922 Hoc
843 1872 888 1921 est
902 1862 1146 1924 fundamentum
1159 1858 1206 1936 sy-

170 1951 309 2015 sternatis
334 1941 544 2022 Achariani,
575 1945 672 2028 quod,
694 1945 837 2024 neglecte
856 1949 986 2006 omnino
1009 1943 1206 2006 erronealln·

168 2033 439 2098 mothalamorum
460 2032 607 2106 sessione,
628 2031 672 2088 sic
692 2029 911 2110 exponendum
930 2040 995 2090 est:

168 2152 212 2223 A.
237 2138 635 2218 COENOTHALAMI.
668 2141 759 2214 Aeli.
785 2141 1008 2240 Excipnlum
1036 2141 1202 2216 thellodes

209 2271 238 2310 a.
267 2265 340 2306 mox
370 2250 527 2323 apertum.
591 2237 812 2304 Tlrolomium
840 2262 974 2326 semper
1000 2239 1202 2328 disciforme,

254 2323 488 2411 explanatum,
509 2321 728 2388 immutabile.
772 2325 946 2394 Usneaceae.

204 2418 322 2480 Usnee.
343 2409 489 2469 Evernia.
511 2408 685 2470 Romaline.
708 2407 864 2472 Roenelle.
886 2445 926 2456 —
946 2411 1101 2475 Cetsarin.

204 2506 237 2568 b.
254 2495 409 2571 clausum,
430 2490 503 2553 dein
524 2491 859 2573 discoideo-epertum:
903 2488 1127 2558 Tlrammmm
1137 2485 1200 2576 pri·
1244 2499 1245 2516 ¹

252 2577 358 2642 miton
395 2570 855 2658 connivente-nooleisorme,
885 2574 1198 2662 sereneo-gelotim·
1237 2622 1241 2651 ‚

254 2679 341 2738 soro,
360 2677 439 2724 mox
461 2656 698 2742 explanatum,
723 2657 906 2740 rigescens.
949 2661 1141 2733 Permeliece·
1238 2655 1243 2683 “

205 2741 377 2824 Peltigem.
422 2741 531 2806 Sticte.
552 2743 725 2806 Parmelia.
748 2741 872 2807 Dii-ina.
894 2743 1051 2827 Gyalecte
1069 2778 1110 2790 -
1127 2741 1197 2804 The·
1235 2752 1241 2785 ²

250 2829 393 2890 lotrema.

205 2929 233 2972 c.
256 2931 377 2992 semper
400 2912 554 2990 clausum,
589 2910 784 2974 ostiolatum.
839 2905 1063 2985 lealomicm
1087 2904 1195 2974 nuclei·
1233 2902 1241 2955 l

241 2987 585 3080 ferme-persistens,
616 2989 1020 3078 ceraceo-gelotc'noercm‚
1064 2993 1194 3082 delique·

251 3096 355 3139 scens.
400 3077 620 3160 Endocarpoae.

201 3155 393 3231 Per-toseriis.
437 3161 657 3226 Chiodeotdnw
688 3159 830 3242 segedin.
855 3165 1127 3247 -Endocerpon

201 3239 232 3300 d.
252 3243 394 3304 clausum
416 3245 732 3308 lacero-diffraotum.
781 3243 1006 3314 lemlamdrm
1037 3271 1056 3313 e
1081 3235 1191 3309 mwlssl'·

239 3319 360 3470 forpsi
375 3319 577 3424 disciforme
588 3322 765 3412 fatiscens
782 3342 846 3396 aot
863 3328 1055 3420 disparens.
1097 3327 1189 3412 sphe-

244 3430 303 3492 rop
329 3432 418 3472 oreae.
1017 3423 1019 3430 '

197 3489 462 3578 Sphaerophoron.
484 3529 525 3580 -7-
545 3493 693 3579 Siphuln.

156 3601 197 3680 Β.
220 3605 558 3684 IDIOTHALAMI.
583 3609 673 3684 Aeli.
701 3611 922 3714 Excipulum
952 3614 1138 3713 proprium

196 3709 395 3790 inprimitus
414 3721 581 3793 apertum,
606 3718 793 3795 ascigerum.
855 3711 1077 3778 Thelamium
1102 3698 1187 3774 utili

237 3787 372 3874 prioris
392 3814 419 3852 a.
445 3795 610 3858 Lecidinae.

194 3871 429 3940 Stereoceulon.
475 3879 636 3950 Cladooie.
661 3879 846 3963 Baeomyees.
866 3878 1184 3948 matois-Lerina.

192 3953 225 4018 b.
248 3957 403 4040 clausum,
417 3983 488 4024 mox
509 3963 678 4028 dehiscens.
718 3961 941 4033 wintomiam
959 3978 999 4032 ut
1017 3971 1054 4035 in
1070 3953 1184 4056 prioris

237 4037 269 4102 b.
292 4041 481 4110 Limborieae
500 4050 632 4112 reform.
