2462 4598
283 239 286 245 “
335 206 353 314 Ῐ
403 232 625 316 cernuum.
669 197 677 215 ’
963 255 1044 331 ”mr

60 424 122 489 Eis.
142 419 236 484 Lie‘lr.
261 417 357 482 Soet.
379 439 411 480 n.
432 427 504 491 235·
544 418 609 487 Ft.
623 415 796 484 Beritrelu
814 427 858 490 'u
884 430 1043 504 1652oe-

89 504 217 568 Sclmer.
238 502 344 566 Heln.
364 523 395 566 n.
417 510 529 574 53⁶55.

101 593 155 662 Ad
194 605 326 662 terram
370 613 584 688 carroperum
615 585 654 660 &
681 587 858 662 silvarum
886 593 1043 695 Europae

20 695 110 766 totius
140 691 391 786 vulgatissima.
594 775 598 788 Ι

84 793 189 851 Forma
211 793 363 872 primaria
383 791 477 873 hujus
500 793 614 874 speciei
637 789 787 874 pyxidata
815 794 909 854 facile
931 795 1045 876 digno·

18 876 117 952 scitur,
145 876 196 934 sed
219 877 397 954 superficies
427 878 533 936 variat
563 889 748 951 verrucosa,
781 878 1046 956 granuloso-fur·
1079 906 1084 922 ⁶
1182 897 1188 916 ·

17 957 121 1016 sumcea
158 953 190 1019 ὃ(
222 977 396 1038 squamosa.
448 957 482 1018 Iu
517 957 612 1038 hujus
654 958 877 1040 speciminibus
907 947 1046 1042 glclbris

17 1035 106 1111 (ttnct.
127 1039 281 1126 neglectu
298 1042 359 1120 ΕΙ.)
382 1036 413 1100 6(
425 1034 654 1123 furfuraculis
672 1035 734 1114 (CL
753 1038 971 1124 chloroplraea
981 1043 1044 1122 Fr.)

17 1121 145 1182 transitus
167 1123 260 1208 apud'
282 1147 335 1185 nos
362 1125 632 1200 evidentissimus,
662 1117 695 1183 &
726 1135 895 1206 titiumque
917 1147 1045 1210 quoque

17 1204 65 1283 jam
86 1209 313 1288 eorrjmrxerunt
334 1200 522 1284 Dillenius,
539 1203 739 1284 Actorius,
770 1209 826 1288 qui
854 1213 989 1290 speciem
1011 1213 1045 1272 iu

16 1283 97 1354 Lich.
120 1285 205 1350 univ.
229 1287 316 1350 bene'
334 1291 537 1367 limitaverat,
560 1293 659 1374 ipsius
679 1312 712 1374 y.
735 1293 831 1350 etiam
857 1291 922 1352 hue
966 1297 1046 1354 erti-

16 1380 64 1443 net,
87 1365 116 1431 ἃ
137 1367 316 1434 θοὰιιενεν.
360 1375 394 1432 1η
423 1376 512 1433 siccis
547 1371 624 1432 locis
656 1367 831 1450 humilior',
859 1314 1047 1456 simplicior,

15 1451 294 1531 glabro-verrucosa
312 1459 480 1536 (ultimum
502 1465 677 1516 extremum
702 1457 882 1522 sistitDitt.
902 1462 1000 1519 Musc.
1021 1469 1046 1519 t.

15 1547 54 1604 tt.
74 1540 93 1602 l.
115 1551 162 1607 11.
208 1535 304 1600 Ctact.
326 1537 426 1602 exilis
451 1539 597 1616 Holt'm.);
622 1561 685 1623 quo
707 1539 883 1602 lrumidiori
909 1543 1047 1602 locove-

16 1624 211 1698 renascitur,
249 1643 278 1682 v.
300 1645 326 1684 e.
350 1626 382 1686 iu
407 1622 532 1682 ericetis
558 1623 647 1700 udis,
684 1645 721 1684 eo
751 1626 849 1702 magis
879 1627 1046 1685 solvuntur

14 1705 125 1780 granulo
147 1706 176 1763 in
195 1707 378 1782 furfurem,
399 1705 531 1787 podetiu
554 1701 742 1784 elongantur
763 1701 796 1766 ἃ
818 1708 1047 1787 prolitero-ra-
1109 1732 1110 1740 ¹

14 1805 83 1846 mosa
101 1789 249 1848 evadunt.
267 1791 362 1870 (Dill.
386 1790 406 1850 l.
428 1789 494 1856 ot.
523 1795 552 1857 6.
565 1789 599 1858 ‘'I.
621 1791 678 1864 M.)
705 1788 955 1850 Prolilieationes
976 1793 1047 1874 ple-

14 1889 130 1952 rumque
150 1875 349 1950 marginales,
369 1872 422 1933 sed
443 1892 522 1952 sepe
539 1875 633 1932 etium
648 1862 801 1932 cen'trales
819 1893 857 1950 ex
874 1874 1048 1956 epiphrug-

15 1965 90 2027 mute,
109 1965 140 2013 nt
161 1976 196 2014 ex
222 1958 273 2018 his
297 1959 416 2040 optime
436 1958 629 2038 perspicitur
664 1951 760 2020 Ctnd.
780 1953 953 2038 gracilem
975 1977 1048 2018 ver-

15 2037 158 2098 ticillntnm
186 2039 228 2100 ab
260 2041 318 2102 huc
342 2041 523 2100 distinctam
553 2039 676 2098 efficere
707 2043 854 2120 speciem.
900 2040 1048 2102 Ceterum
1106 2073 1109 2082 ·

9 2125 84 2178 ¹nutu
106 2142 175 2180 curn
204 2118 301 2184 Clari.
324 2119 583 2204 cormteopioide
612 2115 644 2182 &
667 2119 826 2183 carneota
846 2121 990 2202 analogia
1009 2129 1047 2185 nt

9 2195 129 2263 :hasnon
147 2209 208 2266 uisi
231 2209 374 2266 omnium
397 2207 539 2288 partium
570 2205 676 2266 colore
707 2207 873 2287 primitivo
903 2207 1007 2266 alieno
1030 2230 1050 2270 a

9 2285 96 2362 priori
116 2287 311 2370 distinguere
334 2290 502 2350 valeamus.
547 2289 593 2349 Ut
616 2288 831 2368 vulgatissima
865 2289 957 2348 offert
979 2293 1048 2350 evi-

9 2367 213 2434 dentissimum
238 2373 417 2454 exeruplum
441 2367 591 2434 omnium
611 2373 677 2432 fere
696 2371 933 2432 aberrationum
955 2393 1046 2431 mon·
1138 2443 1140 2454 Υ

13 2459 165 2512 strosurum
188 2477 286 2540 snpm
312 2455 370 2515 sub
389 2455 635 2540 metamorphosi
657 2455 763 2530 thalli,
785 2454 988 2537 podetiorum
1015 2451 1049 2517 ἃ

9 2533 236 2612 opotlreciorum
258 2541 437 2599 allaturum.
481 2539 566 2598 Inter
598 2537 674 2616 has,
705 2558 950 2620 synonymorum
973 2559 1049 2618 gra-

14 2617 63 2690 tia,
82 2639 117 2677 ue
144 2643 252 2682 omnes
279 2632 477 2704 repetamus,
533 2624 667 2704 raeeipue
698 2623 859 2682 notandae:
879 2624 1050 2702 specimina

10 2701 172 2779 ¹scyplriferu
187 2705 299 2768 thollo
322 2641 590 2788 muero‘plzyllino
622 2703 661 2762 ad
686 2697 762 2780 Cen.
783 2701 1009 2765 cervieornem
1028 2725 1049 2766 a
1097 2743 1102 2754 ·

11 2781 106 2843 multis
129 2789 341 2863 referuntur3
372 2807 447 2850 veru
478 2797 584 2848 autem
614 2785 792 2846 Achariana
821 2795 868 2846 est
897 2787 1049 2868 analogus

9 2867 94 2926 'status
118 2865 166 2931 Οἱ.
186 2868 351 2954 gracilis.
383 2869 432 2930 Ad
454 2871 555 2932 latera
576 2873 709 2950 rupium
732 2871 856 2948 irrigua
876 2889 948 2928 cum
970 2891 1049 2931 nna·

12 2945 70 3026 loga
94 2947 188 3016 Clad.
211 2949 481 3038 cornucopioidis
505 2955 607 3013 forma
639 2955 812 3012 communis
834 2961 891 3027 est,
910 2953 961 3012 sed
976 2954 1050 3036 pla·

11 3033 178 3114 typhyllina
205 3035 409 3097 desideratur.
443 3030 519 3097 Cen.
523 3031 691 3119 pocillum
713 3034 791 3094 Ach.
815 3046 860 3096 est
881 3036 1050 3096 formain-

9 3116 89 3191 tignis
110 3119 377 3202 pachyphyllino.
401 3151 443 3164 -
476 3119 652 3200 Apothecia
675 3119 811 3202 podetiis
839 3119 971 3180 exclusis
993 3139 1051 3204 sae-

10 3213 41 3276 pe
64 3200 239 3284 epiph'ylla,
259 3203 415 3286 simplicia
436 3201 457 3262 l.
480 3195 727 3282 conglomeiata3
752 3203 783 3260 in
805 3201 907 3262 thallo
931 3207 1051 3263 micre-

12 3280 147 3359 plryllino
185 3282 388 3359 Lielrenem,
418 3280 589 3368 Boeomyc,
620 3281 641 3345 l.
668 3279 876 3374 Cenomycen
896 3281 1053 3428 epiplpl-

11 3359 196 3452 lithchp
206 3387 239 3450 p.
262 3367 427 3443 efficiunt3
449 3369 481 3426 in
499 3369 601 3426 thollo
618 3363 987 3450 macrophyllino‚simili
1016 3387 1052 3426 us

9 3443 74 3506 locis
93 3453 256 3511 ac'sorma
285 3451 434 3510 normalis
465 3449 720 3533 macrophylliua
752 3451 865 3526 obvio,
899 3443 974 3510 Cen.
995 3469 1053 3510 eo·

12 3525 209 3594 talloideam
225 3526 302 3593 Achl
322 3533 409 3594 Lich.
433 3537 541 3610 uuiu,
564 3537 684 3616 optime
707 3537 739 3594 in
762 3533 835 3614 Syn.
858 3532 890 3592 C.
913 3533 1051 3614 pyxida-

10 3617 42 3670 'lae
62 3615 271 3698 subjunctam.
299 3650 341 3662 -
372 3617 414 3676 At
439 3617 603 3697 apothecis
631 3621 779 3698 primitus
801 3615 1053 3696 symphycarpea

13 3689 81 3756 hanc
106 3703 240 3781 speeiem
262 3703 419 3782 precipue
442 3711 646 3760 monstrosam
667 3701 823 3770 reddunt',
844 3708 964 3774 utnon
988 3703 1052 3758 sine

14 3771 94 3858 longa
111 3783 304 3863 experientia
327 3782 463 3864 intelligi
486 3785 586 3863 possit
605 3787 679 3844 istus
703 3785 820 3844 fornras
843 3803 862 3840 a
891 3776 1052 3864 Clpyxi-

15 3852 189 3924 dntaortas
208 3885 287 3942 esse,
319 3866 357 3926 de
378 3887 442 3948 qua
470 3887 504 3925 re
536 3888 611 3926 vero
642 3865 769 3928 nullum
803 3863 896 3924 nobis
918 3863 1053 3924 dubium

14 3949 149 4024 supersit,
180 3969 242 4008 non
266 3958 388 4008 tantum
420 3959 463 4008 ex'
484 3950 626 4026 arralogia
663 3943 760 4009 etad.
783 3943 1054 4034 cornucopioidis

16 4017 93 4090 Lieh.
123 4030 214 4092 suec.
233 4049 262 4096 n.
283 4031 417 4104 231.¹¹B.
438 4025 482 4092 ἃ
506 4025 911 4107 clarummontem„
946 4028 998 4092 sed
1018 4047 1055 4090 ex
