2470 4590
284 203 647 332 ‘munumina
826 269 831 280 ·
979 253 1049 329 ns

64 417 187 504 Species
216 415 447 504 pulcherrirna,
479 418 619 503 pustulis
638 385 747 484 'thalli
778 419 982 502 regularibus
1012 416 1047 486 ἁ

7 502 168 586 nmorphis
191 499 433 564 Pertnanrinm
456 503 632 586 simplicem
658 501 772 564 eximie
794 507 942 566 referens.
960 503 1046 568 Gru·

7 595 42 662 ta,
73 589 104 646 in
127 605 226 668 specc.
251 587 337 662 visis,
357 587 472 675 tenuis,
503 589 664 668 contigua,
696 585 960 666 indeterminata,
989 589 1046 652 la·
1145 600 1149 618 “

9 673 100 748 igata,
119 671 150 728 in
173 668 339 750 superficie
365 673 455 750 quasi
480 672 650 754 pruinosa,
680 689 699 730 e
719 671 844 731 cinereo
874 669 1043 734 albescens.

7 753 123 813 'ustulae
156 761 269 812 crusta
293 747 419 834 sparsae,
449 755 589 824 elevatae,
611 751 869 835 hemispherion,
898 753 951 815 sed
982 775 1044 838 pn·

7 835 62 894 illa
84 834 218 896 centrali
238 838 437 916 prominente
461 836 630 913 conoides,
654 855 777 919 semper
787 836 900 897 clausa
920 830 954 898 ἃ
979 843 1044 900 ita·

7 922 183 996 narginatae,
218 917 346 978 demum
377 939 454 980 vero
489 941 569 1002 poro
602 921 694 999 nigro
724 920 870 1000 depresso
897 929 1044 1001 pertusan'

7 1002 199 1062 'erithecinm
224 1022 300 1062 vern
319 1003 478 1081 conicum,
493 999 734 1080 carbonnceurn,
749 1001 966 1083 dimidiatum,
978 1024 1043 1066 nu·

8 1084 50 1143 leo
71 1084 202 1164 globoso
226 1084 363 1168 simplici
384 1089 496 1170 sepius
519 1095 672 1148 evacuato
688 1085 840 1168 collapso.

7 1198 65 1269 183.
92 1197 411 1274 VERRUCARIA
435 1199 711 1289 Hoclrsletteri,
733 1209 853 1270 crusta
881 1209 1040 1273 tartarea

35 1297 275 1392 determinata
302 1325 494 1375 verrucosa
522 1299 674 1400 pallida,
701 1298 914 1400 peritheciis
947 1303 1042 1374 inte·

30 1403 118 1497 gris
146 1405 314 1475 tenuibus
338 1400 510 1500 globosis,
539 1427 688 1476 verruca
721 1399 888 1474 thallode
906 1414 1043 1500 ¹aperta

33 1504 234 1602 marginata
261 1505 456 1588 immersis,
483 1503 632 1578 demum
650 1503 1026 1602 urceolam-apertis.t

27 1601 193 1682 Pyrenula
215 1625 393 1665 verrucosa.
436 1601 532 1690 Adit
548 1599 650 1666 Licln
682 1601 778 1666 uniar
792 1627 830 1692 p.
853 1603 927 1672 314.
960 1609 983 1664 i.
1008 1608 1040 1674 5.

48 1707 51 1716 ’
54 1679 92 1768 f
116 1687 170 1757 1.l
214 1685 441 1748 Hocltatatter
464 1685 501 1748 in
525 1683 590 1750 titt.
751 1681 759 1698 '

79 1771 138 1844 Ad
166 1761 274 1872 rupes
301 1772 480 1854 calcareas
506 1771 677 1870 Blabyrae
705 1772 745 1845 in
779 1745 890 1872 regno
926 1736 1043 1843 Wiir·

7 1871 193 1971 embergiee
219 1874 500 1958 Hoclrstetterl,
524 1871 564 1946 in
588 1873 776 1973 Pyrenaeis
801 1867 1042 1948 orientalibus

7 1976 235 2073 lonlagnel.

64 2077 147 2137 Tam
169 2072 275 2160 quoad
294 2082 444 2154 crustam,
467 2075 673 2154 insigniorem
696 2095 793 2158 quam
823 2077 855 2138 in
877 2082 941 2144 alia
966 2103 1040 2168 spe.

11 2181 37 2236 e,
58 2180 158 2242 quam
186 2157 429 2241 apotheeiorum
456 2159 652 2221 recedentem
685 2169 891 2242 structuram,
922 2171 1040 2250 species

7 2249 114 2306 ianime
133 2240 360 2320 memorabilis.
404 2240 515 2314 Crusta
543 2243 716 2304 admodum
741 2263 853 2323 crassa,
885 2248 1039 2312 determi-

7 2337 63 2404 ata,
84 2327 207 2403 mollis,
229 2327 387 2402 contigua,
412 2327 444 2386 in
467 2326 633 2407 superficie
661 2347 738 2386 vero
760 2331 909 2408 pruinosa
932 2333 1040 2396 eleva-

7 2431 216 2488 )-verrucose‚
235 2405 354 2482 albida,
369 2408 429 2488 “sed
452 2410 484 2468 in
506 2410 643 2488 griseum
670 2402 703 2468 ἃ
724 2413 875 2474 rosellum
899 2415 1040 2476 colorem

8 2497 74 2556 mu'l
99 2511 240 2574 vergens.
287 2487 466 2550 Perithecia
480 2491 597 2572 ampla,
620 2491 715 2552 solito
736 2497 901 2573 tenuiora,
922 2496 1039 2576 globo·

7 2607 20 2654 ι,
42 2581 74 2639 in
108 2577 244 2638 ioveolis
266 2584 377 2634 crustae
401 2573 611 2634 determinate
648 2575 818 2658 exsculptis
848 2579 1039 2658 nidulantia,

7 2663 142 2745 mulque
163 2677 298 2736 ucri-nea
321 2655 464 2718 thallode
490 2656 602 2718 obtuse
631 2661 830 2738 marginante
872 2665 1039 2744 sepissime

7 2757 92 2814 ncta,
117 2747 209 2827 apice
230 2761 302 2804 vern
325 2739 410 2803 nuda
432 2743 606 2823 saepiusque
628 2741 817 2806 dehiscentia
840 2738 1038 2806 evacuata&
1129 2751 1132 2760 '
1227 2751 1228 2766 ¹

7 2829 285 2909 imolato-aperta.
311 2821 422 2884 Exstat
445 2822 573 2906 quidem
596 2824 701 2905 quoad
728 2827 975 2908 apotheciorum
993 2830 1043 2889 si.

7 2934 43 2972 un
76 2907 111 2972 Gt
139 2929 285 2970 verrucas
326 2905 500 2968 subsimilis
529 2903 573 2968 V.
596 2904 765 2990 rupestrt's
789 2912 892 2976 forma
915 2907 1040 2998 (lyra-

7 2993 59 3056 αἶα
73 2993 249 3058 ltiascens.
272 2990 384 3068 Aeh.);
402 3000 541 3052 ceterum
561 2989 731 3051 admodum
751 2991 886 3054 diversa.

27 3103 354 3182 VERRUCARIA
380 3106 647 3188 actinostoma,
674 3117 792 3178 crusta
815 3117 973 3180 tartarea
988 3105 1040 3182 ri·

22 3235 130 3282 mosa
157 3205 462 3304 rugoso-areolam
487 3203 581 3289 alba,
608 3205 820 3302 paritheciis
843 3202 1040 3304 subglobo-

20 3313 73 3384 sis
104 3307 290 3382 immersis
313 3303 538 3380 umbilicatis
559 3305 781 3404 marginatis,
801 3307 940 3410 papilla
956 3301 1039 3407 pul-

22 3439 116 3484 vere
145 3409 228 3482 albo
258 3409 407 3482 radiata.
458 3407 550 3482 Act.
575 3433 717 3570 symlp
750 3408 811 3508 95.

23 3513 243 3581 Tbelottema
266 3507 379 3574 radiat.
426 3503 522 3572 Pera.
547 3501 628 3572 Aa.
710 3517 765 3572 ett.
785 3521 817 3582 2.

71 3597 138 3670 Ad
166 3621 250 3668 saxa
283 3591 591 3702 silesco-calcanea
624 3591 764 3666 Galliae.
790 3599 961 3668 Persoon
994 3595 1039 3667 in

7 3705 76 3774 arb.
107 3699 204 3774 Act.

57 3801 231 3882 Specimen
254 3796 335 3858 milri
357 3795 462 3870 deest3
485 3794 552 3858 vidi
576 3794 704 3878 quidem
725 3797 756 3856 in
771 3793 868 3858 Harl).
887 3794 1057 3857 Achariass'

7 3911 10 3938 l
35 3885 314 3955 Persoonianum,
340 3880 409 3942 sed'
427 3881 502 3941 satis
532 3880 710 3940 exarninnre
739 3901 804 3940 non·
834 3881 938 3942 licuit.
979 3873 1042 3938 Vi·

9 3978 71 4030 tur
96 3968 205 4112 priopi
225 3958 263 4108 ²&
288 3967 447 4050 praecipue
468 3964 609 4046 sequenti
634 3961 807 4040 affinis3an
829 3983 863 4024 re
886 3966 954 4047 ipse
976 3969 1043 4022 sta·

7 4071 173 4118 snortna
190 4070 217 4111 ts
