2470 4602
146 248 212 314 ιω
591 229 755 304 Lucan
828 312 839 318 η
950 231 954 239 “

146 401 375 576 walpiqrm
401 407 482 506 juga
505 411 673 499 occupat,
703 401 745 476 in
771 400 962 504 anpaoia
991 425 1075 478 vero
1089 427 1183 481 ,eau-

209 507 279 580 tris
330 517 355 576 i.
960 581 964 588 ,

146 533 211 632 p'es
236 605 320 667 Tota
343 603 550 684 vegetationis
570 593 605 664 ἃ
623 600 827 684 morphoseos
850 585 984 664 historia
998 606 1124 688 prioris,
1140 623 1185 666 nec

146 691 208 754 nisi
232 688 339 750 colore
358 686 476 764 dill'ert,
498 685 572 760 hino
596 707 656 769 pro
680 705 755 746 vera
773 689 928 746 varietate
949 687 1109 765 sumenda,
1123 709 1185 749 cum

148 783 248 836 status
269 771 449 832 intermedii
474 789 536 830 non
557 770 661 832 desint
683 762 716 829 ἃ
735 769 881 830 fatiscens
902 772 935 829 in
957 771 1080 854 lepram
1093 771 1184 832 albam

148 853 277 920 diffluat
300 847 430 930 (Leoid.
452 850 565 934 sulpit.
590 849 767 933 leucogoea
787 851 866 912 Acb.
893 847 975 930 m)
1004 851 1113 934 Vulgo
1134 875 1183 915 au-

146 950 211 1002 tem
233 935 399 1022 apotbecia
420 939 454 996 in
487 935 558 996 hac.
581 937 680 1016 magis
702 933 964 1017 protuberantia‚
991 937 1185 1016 nigricantis,

147 1023 369 1169 qmmarginata
392 1020 472 1082 faeie
495 1017 644 1082 Lecideae.
685 1017 729 1080 At
749 1017 810 1080 hac
833 1020 958 1082 ratione
978 1019 1064 1082 nulli
1080 1029 1185 1082 entant

162 1108 276 1172 imiter.
634 1163 643 1170 .

145 1218 178 1320 {a
196 1213 447 1290 PARMELIA
471 1217 673 1304 orostlrea,
707 1223 826 1286 crusta
859 1224 1016 1286 mrtarea
1043 1213 1196 1290 rimoso,

94 1365 98 1374 -
196 1317 355 1392 areolata
377 1315 527 1390 obscure
552 1315 747 1396 ochracea,
776 1313 1046 1412 deliquescente
1071 1315 1185 1390 achro-

196 1419 310 1504 leuca,
339 1417 558 1518 hypothallo
583 1416 760 1490 librilloso
782 1413 880 1508 albo,
905 1414 1111 1514 apotheeiis
1133 1415 1185 1490 ad·

198 1520 349 1623 pressis,
375 1519 484 1596 diseo¹
506 1518 643 1592 luteolo
676 1516 1077 1616 pallide-marginato,
1112 1517 1185 1590 dein

118 1617 127 1644 ‘
195 1619 456 1722 protuberante
483 1619 719 1694 livido-lurco
743 1615 1001 1718 subpruinoso,
1030 1620 1184 1718 margine

195 1721 361 1796 thallode
385 1734 630 1794 evanescente.

194 1821 312 1884 Lichan
335 1821 537 1904 sulphureus.
563 1814 786 1904 Qutbuedam.
807 1817 1066 1900 Licb.,·becid.,
1084 1820 1183 1882 berar.

226 1905 379 1966 orosthea.
402 1902 492 1967 Aen.
514 1915 560 1966 est
581 1913 681 1965 status
702 1901 927 1987 deliquescens.

195 1981 388 2048 Estiolt.
413 1983 660 2057 Suco.n.165.
722 2005 725 2012 ·
1078 2049 1082 2058 ,

170 2155 182 2164 .
245 2069 303 2142 Ad
329 2074 478 2170 rupium
504 2073 628 2158 latera,
650 2071 1004 2171 preacipneEuropee
1025 2069 1182 2147 borealis
1234 2088 1235 2169 ἢ

168 2225 197 2246 Ι,
226 2169 417 2250 lichenem,
435 2173 581 2256 quotidie
616 2173 683 2232 iere
705 2169 786 2232 milri
816 2171 970 2250 obvium,
999 2194 1059 2236 nee
1089 2183 1182 2236 tamen

143 2253 320 2330 affinitate,
358 2275 414 2316 uec
445 2259 628 2317 autonomia
659 2265 782 2316 certum
813 2276 876 2316 esse
897 2257 1021 2321 iatear.
1077 2258 1182 2320 Prori-

142 2358 232 2400 mum
260 2357 322 2398 esse
349 2341 470 2420 priori,
503 2339 632 2422 ejusque
662 2337 780 2419 liliam,
809 2341 861 2400 cui
891 2338 1060 2421 subjunxit
1086 2335 1182 2406 Walt-

143 2417 230 2496 roth,
252 2429 283 2480 et
309 2417 389 2506 mihi
410 2423 544 2485 maxime
566 2417 732 2508 probabile
753 2423 902 2500 videtur,
930 2432 962 2482 at
982 2429 1101 2504 passim
1123 2445 1181 2483 ma·

142 2507 241 2586 joram
264 2523 337 2563 eum
359 2499 519 2578 levaris,
543 2527 580 2566 ne
602 2503 704 2566 dicam
729 2499 822 2566 Brut.
845 2502 963 2571 haido
974 2507 1043 2570 vidi
1066 2523 1180 2578 nexurae

141 2597 282 2648 ceterum
299 2589 445 2648 fatiscens
468 2591 500 2648 in
520 2589 641 2672 lepram
663 2588 891 2650 ochroleucam'
913 2587 1002 2668 abit,
1024 2591 1181 2674 apothecis

9 2687 11 2694 ’
142 2671 267 2752 juniore
290 2673 464 2749 marginem
490 2670 647 2752 pallidum
677 2673 767 2752 quasi
797 2673 966 2754 proprium
1002 2694 1086 2758 saepe
1111 2673 1179 2734 olle·

141 2763 229 2828 runt,
251 2753 441 2834 plerumque
463 2755 547 2814 nuda
570 2747 603 2814 ἅ
626 2751 755 2814 basolo
775 2758 860 2831 (raro
882 2757 983 2832 nigra)
999 2779 1026 2818 e.
1038 2781 1062 2818 s.
1072 2780 1104 2841 p.
1128 2753 1179 2816 Vi·

100 2881 103 2888 l
141 2829 174 2894 di
200 2835 231 2893 in
256 2836 367 2894 iisdem
391 2840 526 2897 maxime
548 2835 737 2897 absconditis
757 2837 891 2921 rupibus
915 2833 952 2899 Ρ.
967 2837 1179 2922 sulphurem

140 2919 270 2977 omnino
296 2917 460 2980 diversam.
507 2919 588 2982 Hinc
609 2919 670 2978 boc
699 2920 796 2980 mods
822 2931 860 2980 ut
888 2939 924 2980 sa
999 2933 1067 2984 tam
1097 2931 1177 2985 nota·

139 3002 196 3074 νὴ
219 2998 272 3059 sed
294 3003 354 3060 ista
375 2997 873 3066 lormaFlotowiieRumalzieu
883 3021 933 3088 po
970 3003 976 3017 '
1023 3004 1177 3091 riupror-

141 3103 194 3146 sus
213 3081 416 3148 excludenda.
442 3099 445 3104 '

145 3199 226 3276 163.
259 3199 507 3276 PARMELIA
534 3207 699 3295 Cartima,
721 3219 850 3280 crustae
874 3207 1036 3306 grandis
1058 3205 1176 3308 primi·

188 3314 247 3378 tus
276 3299 443 3377 discretis
467 3305 730 3405 subglebulosis
764 3307 1090 3406 glauceseentibus,
1115 3308 1175 3478 leq:

189 3402 356 3501 pothallo
377 3404 471 3491 albo,
501 3408 700 3504 apotheoiis
728 3407 932 3496 sessilibus,
968 3411 1070 3484 disco
1100 3435 1137 3482 su

161 3505 393 3602 'anarginato
427 3507 562 3581 luteolo
595 3507 802 3606 lividaque,
843 3512 990 3585 demum
1023 3532 1172 3586 convexo

188 3605 290 3678 lusco
316 3609 515 3706 nigricante
542 3610 888 3710 cinereo-pruinoso,
915 3615 1078 3712 margine
1088 3609 1173 3686 tbal·

189 3703 272 3877 lqde
295 3709 510 3883 persistente
536 3709 687 3787 demum
710 3713 905 3788 creuulato.
931 3717 1022 3790 Act.
1047 3737 1170 3812 syrap·

187 3807 469 3992 biidoiriiiiirfi
488 3903 598 3972 Norv.
620 3931 653 3974 n.
676 3919 728 3984 63.
750 3915 862 3980 Leaen.
881 3913 1038 3978 subfusca.
1061 3914 1096 4000 β.

236 3989 281 4064 In
320 3995 504 4067 montanis
542 3992 745 4100 &alpinis
782 3999 990 4102 regionibus
1023 4001 1166 4098 Europe
