2506 4610
49 195 72 212 ’“
149 222 246 318 uu
330 285 332 295 .
568 144 846 307 ..matoria-s
918 237 952 270 -·

151 424 285 506 ,rector
301 407 534 499 riallaxanec
556 405 695 512 ubique
728 424 921 491 constane.
952 411 1133 488 Maxime.
1152 435 1219 486 mu·

107 561 111 568 ·
150 509 344 606 rabilibus
367 538 467 614 saepe
487 514 667 612 proximae
681 517 821 614 species
838 539 973 615 parum
1005 514 1127 592 variae
1166 515 1220 586 Ni·

60 703 63 712 r
152 617 224 721 ‘lut
244 628 406 712 ceterum
431 615 547 715 pollet
570 617 728 714 positiva
755 617 826 702 lex,
850 616 1124 715 aliquantulum
1154 641 1218 688 seu·

168 743 232 792 sus
251 718 404 818 integer,
431 717 636 816 plurimum
663 732 801 792 uaturae
828 707 995 792 sedulum
1022 715 1063 790 &
1088 731 1218 790 acutum

171 843 338 896 examen.
391 819 487 894 Cum
516 820 606 918 ipsae
634 833 771 918 proteae
796 821 886 900 sint,
910 819 1125 896 obseruator
1150 821 1218 890 Pro·
1243 869 1244 896 a

154 922 225 996 Atei
263 921 379 996 instar
408 921 639 1023 praeteritum
674 917 715 994 dt
748 921 918 996 futurum
950 935 1089 995 statum
1125 917 1217 996 simul

152 1023 332 1102 ,noverit
638 1089 642 1098 .
698 1047 706 1098 ς
1069 1093 1070 1096 ,

273 1121 307 1225 §·
335 1122 394 1204 51.
439 1123 614 1202 Nitentur
644 1149 773 1224 genera
799 1129 932 1226 typico
960 1122 1216 1225 apotheciorum

154 1225 318 1322 [indole.
369 1227 409 1300 si
434 1252 565 1324 genera
590 1227 752 1324 unicae
771 1228 1054 1312 characteribus,
1092 1229 1131 1298 iu
1156 1223 1217 1296 aul·

174 1329 214 1402 lo
241 1341 338 1411 statu
366 1330 493 1411 variis,
520 1329 973 1429 determinatos—plurima
1000 1327 1212 1402 confluerent

174 1429 412 1505 characteres
427 1433 587 1529 generici
603 1429 649 1504 ob
668 1432 832 1531 typicam
851 1432 1127 1530 apotheciorum
1152 1453 1213 1500 coa·

173 1533 382 1632 gruentiam
407 1557 503 1630 saepe
530 1557 662 1632 parum
688 1533 921 1632 promiueut3
948 1533 1049 1629 hiae
1065 1535 1214 1630 affinitas

74 1705 78 1710 .
171 1634 368 1734 praecipue,
395 1637 611 1732 marphesia
635 1631 677 1708 &
705 1636 846 1710 occulte
877 1639 1016 1709 thallus
1044 1633 1215 1708 consulen-

155 1735 215 1812 di
244 1736 284 1808 in
308 1735 514 1810 limitandis
548 1735 752 1836 generibus.
803 1738 887 1812 Nou
920 1737 1020 1810 idem
1048 1737 1214 1810 character

150 1837 216 1914 'jn
242 1836 398 1922 diversis
424 1835 595 1912 tribubus
620 1838 845 1918 idemvalet
870 1840 930 1939 6).
953 1881 1006 1898 -
1038 1835 1215 1915 Difficilior

175 1934 216 2010 &
244 1963 288 2012 ex
311 1939 577 2039 idiosyncrasia
604 1941 770 2040 pendeus
808 1954 863 2014 est
898 1942 1064 2042 quaestio,
1104 1961 1215 2040 quous·
1244 1949 1245 1952 ’

175 2063 248 2138 que
277 2039 327 2114 ad-
351 2043 530 2120 sectiones
554 2038 738 2138 naturales
762 2044 906 2142 generis
940 2069 1077 2117 nomeu
1113 2055 1216 2114 exten·

176 2139 309 2228 datur3
333 2155 459 2216 utrum
496 2146 673 2220 sectiones
705 2145 1035 2218 Parmeliacearum
1067 2143 1138 2244 &a
1172 2167 1215 2239 ge·
1244 2163 1245 2242 ξ

155 2267 263 2338 uera
288 2267 336 2316 an
359 2242 557 2345 subgeuera
585 2245 753 2344 (tribus)
768 2247 940 2322 dicendae
965 2249 1050 2322 siut.
1113 2245 1149 2320 Si
1175 2255 1214 2314 at·
1244 2261 1245 2266 ’

112 2351 116 2360 ’
173 2344 349 2420 tendatur
374 2345 421 2422 ad
447 2349 633 2424 notionem
658 2349 799 2448 generis
813 2349 1000 2434 naturalis,
1023 2367 1213 2424 concessum

176 2446 364 2548 fingerem,
393 2451 535 2547 generis
565 2450 688 2524 ideam
723 2464 804 2550 post
836 2453 972 2550 speciei
1005 2452 1044 2523 iu
1083 2447 1213 2524 historia

134 2549 336 2626 ..naturali
358 2551 667 2627 naturalissimam
693 2577 769 2626 esse
794 2551 938 2639 debere,
953 2562 1094 2652 atejus
1115 2549 1213 2650 speci

174 2655 363 2751 armagis
382 2656 486 2746 irater
507 2681 562 2746 se,
587 2682 700 2752 quam
723 2681 804 2728 cum
820 2660 908 2728 aliis
932 2660 1097 2730 aliorum
1121 2677 1214 2752 gene·

172 2780 259 2825 rum
277 2756 413 2850 affines
436 2759 537 2850 sint5
561 2769 600 2828 at
624 2759 826 2858 conjunctis
851 2758 1020 2842 omuibus
1039 2751 1211 2856 generibus

173 2851 433 2932 Parmeliaceis
459 2857 676 2957 perevideus
711 2870 775 2941 est,
806 2860 949 2934 infimas
984 2862 1101 2956 magis
1126 2853 1213 2932 Loci
1245 2903 1246 2918 κ

173 2957 270 3045 deis,
292 2959 483 3049 Βίαιονίε,
505 2964 740 3035 Portaeoriir
767 2957 839 3033 &a
865 2987 941 3034 esse
966 2961 1102 3047 affines,
1122 2977 1211 3058 quam

171 3078 210 3128 v.
236 3081 267 3129 o.
289 3063 431 3132 [sarreia
455 3058 496 3134 &
517 3065 742 3138 Romalinia
770 3060 828 3166 7).
881 3064 931 3138 Et
947 3065 1000 3137 sic
1022 3065 1063 3136 ia
1088 3057 1209 3136 ceteris,

213 3260 246 3335 6)
270 3256 455 3340 Pulchrim,
474 3281 572 3346 quam
604 3266 712 3326 verius
739 3273 877 3348 urgetur
912 3283 1026 3344 genera
1060 3285 1098 3326 ex
1121 3259 1212 3324 eodem

170 3339 425 3404 fructificationis
447 3348 608 3430 principio
629 3347 752 3432 ubique
772 3369 834 3409 esse
848 3347 1121 3430 distinguenda-
1134 3343 1210 3406 ”he-

170 3423 268 3486 resin
294 3443 466 3490 summam
488 3423 697 3494 Botanr'ces''
728 3431 809 3492 dixit
833 3433 985 3494 Liunaaus.
1029 3433 1093 3494 Nec
1111 3432 1212 3505 flaua

159 3506 237 3570 'fieri
263 3506 367 3568 debet.
409 3509 475 3572 Csr.
499 3533 530 3573 r.
549 3531 576 3574 e.
602 3511 667 3577 Pot
715 3535 817 3576 ouum
839 3509 872 3577 ἃ
894 3509 1106 3600 Cruciferae,
1127 3525 1208 3594 gent·

169 3609 207 3651 ra
228 3583 424 3654 Liotenum
443 3587 477 3655 Gt
506 3595 613 3658 tribus
660 3531 890 3680 pdoeriorum.
936 3597 992 3660 Est
1024 3604 1131 3682 potius
1158 3595 1211 3655 siu·

167 3674 251 3754 gulae
273 3675 403 3737 familia
425 3680 555 3759 privum
571 3679 731 3762 quoddam
744 3681 943 3746 characteres
964 3702 1138 3766 eorumque
1151 3677 1209 3750 dig·

166 3759 299 3819 uitatem
322 3758 487 3824 moderans
507 3757 541 3824 ἃ
561 3763 708 3847 pendeus,
733 3785 763 3825 v.
784 3759 821 3827 cs
835 3763 1098 3854 infloresceutia,
1130 3753 1208 3825 aeiti-

168 3839 263 3900 vatio
287 3875 329 3888 -·
353 3844 438 3905 inter
459 3846 556 3928 Algos
577 3844 717 3909 thaliae.
762 3851 765 3878 ³

160 3933 163 3940 '
205 3925 244 3998 ’7)
257 3923 301 3986 'Si
321 3930 427 3990 omnia
446 3949 563 4009 genera
585 3930 798 4001 Permetiacea
821 3935 1052 4016 conjungimus,
1073 3929 1159 3993 nulla
1181 3945 1210 3982 a·

166 4001 236 4069 dest
255 4010 340 4074 ratio
361 4009 519 4078 sufficiens
540 4016 739 4100 reliquarum
763 4015 921 4098 tribuum,
946 4020 1067 4106 reipsa
1088 4011 1207 4080 inserto-
