2436 4594
142 223 255 382 ‚ao
573 228 807 386 *nonna

1075 363 1080 392 t

160 455 397 542 domninum,
427 450 604 524 evidentius
636 450 805 516 distinctus
838 475 858 516 s
886 465 989 518 struto
1020 455 1178 520 carbonum

98 549 101 559 “
159 543 368 618 crassissima,
390 539 447 602 cni
468 538 635 617 impositus
657 548 722 614 cst,
754 559 857 618 quam
877 541 909 600 in
929 539 993 600 elio
1013 543 1113 624 specie.
1145 543 1181 604 Ex

159 629 222 692 hoc
244 633 343 698 strato
370 619 564 682 corbunaceo
585 618 645 678 sub
664 619 749 680 disco
771 622 954 703 excipuium
985 626 1130 704 integrum
1148 629 1181 702 fit,

158 706 429 796 plonoecupulare
452 697 485 762 δί
507 720 640 784 margo·
655 697 907 781 obtusissimus,
923 707 975 767 sed
996 709 1080 770 disco
1107 713 1182 789 magis

158 791 290 872 turgido
312 808 422 867 mergo
441 787 512 849 sere
527 789 741 866 supprimitur
766 781 799 847 ἃ
820 790 1002 870 erc-ipuium
1035 795 1128 854 nuclei
1147 798 1185 853 in·

10 931 12 938 ,
99 871 112 951 ,’
159 887 225 938 star
247 871 478 954 hemispherici
502 869 688 930 includitur.
731 869 937 950 Haeretioue
965 887 1010 938 est
1043 876 1184 936 evidentis·

158 963 237 1021 sima
260 959 398 1018 Leuidcae
419 957 543 1034 specics.
563 951 775 1015 ,Addeudum
805 975 933 1039 quoque
956 960 1076 1022 discum
1097 962 1126 1020 in
1143 959 1186 1019 hac

157 1049 237 1124 saep'c
258 1040 398 1124 popilio,
427 1040 555 1099 demum
577 1039 610 1096 in
634 1039 808 1116 marginem
836 1037 1036 1120 duplicatum
1063 1041 1185 1122 abeunte,

158 1129 278 1189 ornari.
325 1123 379 1192 Hae
397 1131 489 1184 'notae
517 1123 549 1180 in
579 1123 665 1180 omni
701 1121 805 1183 forma
843 1124 1035 1202 persistunt3
1056 1125 1188 1187 obsnio

158 1219 285 1270 tantum
310 1226 415 1268 omnes
436 1204 530 1272 simul
556 1202 683 1264 obviam
706 1209 813 1266 venire
836 1201 920 1268 diseo
937 1208 1108 1289 ¹denudato,
1123 1219 1187 1268 stra.

158 1302 294 1374 tumque
318 1311 337 1350 a
358 1289 442 1350 disco
464 1291 567 1348 minus
588 1286 772 1348 distinctum
796 1301 865 1350 ‘csse
882 1290 1122 1354 'inindiriduis
1142 1297 1186 1353 ni-

159 1377 268 1438 nimis.
288 1405 330 1422 -·
355 1371 436 1448 Cum
458 1371 546 1432 nulla
569 1372 679 1451 itaque
695 1372 760 1434 alia
778 1392 840 1435 suoe
859 1375 950 1438 seriei
969 1372 1120 1438 confundi
1134 1389 1188 1456 pot-

158 1469 227 1534 est3
252 1456 346 1518 focile
369 1477 445 1518 vero
468 1457 576 1516 for-mre
596 1455 787 1530 degenerata
807 1476 881 1516 cum
897 1457 1007 1522 itidem
1024 1461 1126 1541 atypis
1138 1454 1188 1519 u·

158 1538 224 1604 ciel.
237 1535 415 1615 amonitae,
425 1531 623 1622 fueruatrae
633 1533 706 1614 δῖα,
724 1549 757 1598 at
777 1540 885 1602 formu
907 1543 1069 1622 primorie·
1089 1549 1148 1603 tatu
1165 1563 1187 1602 e·

156 1626 310 1699 videntes,
333 1633 370 1684 ut
394 1621 432 1682 dc
460 1621 638 1682 differentia
668 1621 803 1682 dubium
833 1625 885 1684 rix
914 1626 1052 1692 oriatur.
1099 1626 1187 1706 Hypo·

68 1738 71 1746 2
154 1709 277 1770 thallus
299 1715 336 1764 ut
368 1706 401 1768 in*
429 1704 534 1764 Leeid.
558 1708 713 1766 immerso.
741 1737 783 1752 --
812 1707 952 1767 Difficite
984 1719 1032 1767 est
1055 1708 1189 1770 ⁴libellum

154 1791 195 1852 de
217 1789 276 1850 hac
295 1791 398 1870 specie
422 1809 484 1849 non
505 1788 662 1864 scribere3
690 1791 815 1866 omnia,
849 1796 919 1870 quie
938 1790 977 1850 de
999 1792 1058 1852 ilia
1080 1813 1132 1874 per
1152 1794 1188 1853 ln·

74 1890 76 1895 '
154 1875 388 1948 streurmotavi,
410 1881 552 1954 repetere
576 1873 678 1949 tedet,
700 1893 773 1932 cum
797 1875 932 1955 quisque
954 1871 988 1934 in
1007 1885 1122 1936 natura
1141 1879 1188 1958 ipsc

74 2004 76 2013 ,
154 1959 276 2040 optime
295 1964 512 2038 persequetur.
556 1957 603 2016 De
623 1955 760 2038 perfecta
795 1956 962 2021 identitate
994 1962 1139 2022 omnium
1157 1959 1188 2018 ci·

152 2050 299 2114 tatarum!
307 2039 483 2098 formarum
497 2059 535 2098 ne
549 2039 740 2099 levissimum
762 2039 889 2120 quidem
904 2051 1050 2122 superest
1066 2043 1187 2104 dubium.

156 2123 302 2186 Crustam
324 2143 342 2181 e
367 2123 531 2202 primitiva
556 2123 879 2184 ninculu'tenuissima
900 2126 1189 2204 eat·t1'inginca‚oie·

155 2227 209 2267 osa
231 2208 331 2288 quasi,
352 2205 443 2264 abire
466 2206 497 2266 in
525 2225 656 2266 crassam
686 2215 855 2266 tartaream
886 2209 1188 2277 rimoso-areolarum,

154 2290 268 2350 areolis
288 2291 402 2370 passim
424 2309 552 2377 quoque
575 2289 735 2366 discretis,
757 2289 787 2348 in
813 2289 921 2350 eodem
945 2289 1106 2357 letissimo
1126 2291 1189 2352 indi-

154 2373 253 2456 viduo
271 2374 312 2432 ud
331 2393 401 2433 sune
419 2375 538 2454 majora
558 2372 701 2432 silvatica
723 2369 823 2434 facile
839 2383 884 2432 est
909 2372 1092 2450 obsegratu.
1125 2377 1187 2436 Cru-

153 2465 234 2519 stam
258 2466 428 2516 tartaream
452 2453 815 2516 cinerescenti-albidum
837 2457 871 2514 in
892 2457 1090 2538 nmylaeeam
1109 2459 1187 2520 lacte·

153 2561 205 2602 om
229 2540 269 2600 ad
290 2541 420 2622 rupium
454 2540 553 2598 latero
582 2541 699 2598 mutari
729 2538 836 2600 ndhu'c
867 2540 1049 2600 evidentius
1073 2554 1126 2602 est.
1165 2543 1187 2600 ln

151 2624 214 2686 hoc
237 2633 322 2684 statu
344 2622 510 2702 apothecis
531 2621 629 2700 vulgo
651 2618 812 2702 margine
834 2621 975 2682 thuliode
1011 2629 1124 2706 spurio
1149 2645 1187 2684 cc-

153 2716 319 2770 ronantur.
363 2707 487 2766 Formae
516 2705 555 2764 ad
591 2703 760 2766 dimidium
792 2705 815 2766 Ι.
845 2727 880 2766 ex
912 2708 1037 2785 integro
1067 2710 1188 2790 nnydatr

153 2791 291 2869 vulgate
312 2787 404 2865 sunt,
424 2791 520 2850 ctiam
541 2799 606 2850 tam
640 2788 736 2869 hujus
762 2809 858 2869 quom
886 2789 1092 2868 praecedentis
1123 2793 1188 2852 disco

153 2882 279 2933 tantum
302 2873 682 2954 ferru'ginoso-pruinoso.
706 2867 787 2932 Len.
807 2867 1050 2938 Dilteniunam
1071 2897 1089 2938 s
1113 2876 1188 2956 Bysso

151 2957 320 3038 peregrina
342 2955 476 3036 pendere
502 2965 589 3036 potet
616 2953 657 3014 ab
683 2953 789 3015 eadem
812 2955 917 3036 Bysso,
942 2955 1082 3036 ejusdem
1108 2979 1144 3018 ue
1161 2979 1187 3014 o·

152 3039 249 3114 doris,
274 3057 368 3118 rupes
392 3039 455 3098 late
477 3049 564 3100 extra
586 3039 676 3100 hunc
696 3037 864 3100 Licheoem
888 3038 1066 3118 obtegente.
1075 2981 1187 3118 (Lentu

151 3117 379 3202 huaaltr'genoe
399 3119 450 3182 Fu
469 3125 623 3204 specimen
650 3123 744 3182 nimis
765 3143 899 3203 parrum
920 3123 1006 3200 ridi,
1039 3135 1078 3184 ut
1099 3129 1186 3195 citou,

78 3213 81 3216 '
150 3216 185 3266 at
207 3206 288 3264 ratio
310 3203 417 3263 eadem
443 3217 506 3280 est;
537 3208 701 3284 analogum
725 3215 841 3263 statum
865 3204 1017 3266 habemus
1042 3200 1186 3268 Lecr'deu

153 3281 332 3360 atrocium,
354 3281 514 3350 Biutoroe
535 3285 695 3351 riuulosoe
719 3282 790 3366 &c.)
820 3289 943 3348 Formae
966 3295 1085 3354 crustu
1108 3285 1185 3351 nullu

148 3367 456 3432 nullius‘momenti.
499 3373 622 3432 Adsunt
650 3371 744 3432 multi
774 3393 861 3454 aeque
894 3372 1116 3433 memorabiles
1134 3381 1184 3432 tta·

128 3469 130 3484 ¹
149 3463 213 3529 tus,
234 3452 287 3512 sed
309 3455 428 3536 pariter
450 3455 727 3528 accidentnlcs‚11t
752 3474 861 3516 earnm
883 3457 1115 3536 enumeratione
1128 3477 1184 3516 mo·

149 3535 213 3598 lem
237 3535 331 3617 hujus
345 3539 459 3615 speciei
481 3557 596 3618 augere
615 3537 724 3613 nolim,
734 3559 805 3598 nam
820 3549 1004 3602 omncstam
1023 3542 1184 3620 promiscue

110 3633 117 3652 ·
148 3630 322 3680 nascuntur
342 3616 375 3682 ἃ
392 3620 486 3682 saciie
508 3618 673 3682 confluunt
691 3631 727 3680 ut
747 3625 915 3684 varietates
932 3643 992 3687 non
1008 3625 1127 3696 diccm3
1144 3639 1183 3680 se·

69 3715 96 3784 ’Λ
147 3709 278 3784 quentes
294 3702 511 3782 distinximus,
541 3723 614 3765 cum
643 3715 699 3764 aut
719 3725 775 3786 per
798 3726 830 3764 se
855 3708 989 3784 insigues
1008 3716 1065 3768 aut
1085 3703 1179 3766 defini·

86 3791 90 3794 ’
146 3790 253 3846 tbrum
277 3782 420 3846 locorum
442 3787 514 3848 filiae
536 3790 598 3846 sint
621 3781 834 3872 &proprium
858 3791 1063 3870 vegetationis
1079 3787 1178 3850 Lichc·

147 3885 228 3940 „osu
248 3865 460 3936 characterem
484 3871 655 3946 indicunt.¹

145 3963 184 4047 β.
210 3951 259 4046 L
275 3955 533 4052 plumeurpa,
569 3969 688 4028 crusta
722 3953 888 4054 laevigata
904 3955 1015 4030 'tenui
1043 3953 1176 4028 demum

149 4143 152 4149 .
183 4047 416 4143 'disparente
442 4051 661 4154 hypothallo
685 4055 861 4145 obsotem,
892 4073 1005 4135 atrato
1027 4057 1114 4133 disci
1128 4057 1175 4125 in.

159 4147 441 4274 teriori-albo„
473 4255 480 4267 ι
514 4167 544 4223 ,’
