2506 4610
161 248 205 316 12
520 233 816 304 vnauatouas

161 410 313 474 Lichen'os
334 408 460 493 di's'pbni
481 403 721 492 pos'sent.'Ct1m
742 401 819 470 vero
835 400 1086 492 elphysiologica
1104 403 1207 471 Liche·

150 517 240 569 grum
262 495 454 577 expositione
475 502 595 553 constet
614 494 765 554 nucleum
798 495 949 577 primitus
978 513 1041 554 esse
1072 513 1207 554 ceracen-

161 581 383 659 gelatinosum,
406 577 476 638 dein
492 577 542 636 vel
558 576 781 657 deliquesceret,
803 577 853 638 vel
870 579 968 656 magis
979 576 1206 659 explanato-di·

110 709 117 733 ,
161 664 343 722 sciformem
373 665 525 741 rigescere
553 667 610 717 aut
638 662 682 732 ita
715 658 820 721 obiter
855 670 974 720 statum
1015 663 1206 741 primitivum

160 744 335 819 absolvere,
348 755 386 806 ut
405 742 617 804 immutabilis
637 755 798 824 appareat,
817 738 849 804 &
866 743 1056 804 thalamium
1074 743 1205 802 fatiscens

161 826 289 888 tantum
311 850 375 889 esse
390 829 554 908 atypicunr
569 835 699 902 statum,
718 828 808 910 cujus
828 847 942 908 genera
963 847 990 886 v.
1012 847 1038 886 e.
1051 821 1205 908 Spftoero·

187 909 296 972 horon
316 907 349 971 &
374 908 541 973 Cnfieium
563 930 635 982 non,
662 929 732 970 meo
760 931 863 985 sensu,
884 913 1065 990 comparari
1093 908 1206 980 debent,

161 931 210 1056 de
237 995 309 1055 aliia
334 993 416 1056 notis
440 994 535 1054 simul
562 992 773 1054 suffulciendo
793 1004 876 1054 sunt.
907 991 1067 1070 Hincad
1090 986 1203 1052 Lide-

161 1096 222 1139 nes
255 1077 504 1154 (Idiothafamos)
539 1071 705 1137 rlrolomio
728 1074 918 1158 rigescente
943 1085 1071 1136 tantum
1103 1091 1202 1153 genera

160 1162 404 1241 apotheciorum
425 1163 527 1222 forma
559 1161 746 1237 degenerata
777 1160 942 1220 referenda
977 1159 1100 1220 credidi
1125 1149 1204 1216 &ad

164 1241 442 1310 Coniothalamos
465 1244 614 1304 Calicicas
635 1244 810 1324 apotheciis
833 1245 960 1323 apertis.
1004 1241 1073 1303 Hac
1094 1242 1203 1302 ratione

161 1331 267 1391 omnia
295 1349 408 1408 genera
430 1327 615 1388 aberrantia·
629 1347 646 1384 a
667 1329 782 1408 typicis
795 1325 961 1403 (thalamio
975 1327 1130 1405 regulari,
1143 1341 1204 1404 per·

159 1417 286 1476 sistente
309 1414 359 1473 vel
378 1412 620 1494 deliquescente)
640 1405 844 1490 separantur(
878 1409 967 1469 Hanc
981 1402 1202 1470 Schraderia·

158 1495 199 1560 ni
218 1497 402 1576 systematis
423 1495 688 1574 modificationem
710 1496 742 1552 iu
770 1489 848 1554 Vel.
867 1489 934 1554 Aa.
957 1489 1102 1579 Hpnett
1122 1497 1201 1560 1821·

85 1638 90 1650 ,
152 1565 193 1642 ⁴&
220 1577 308 1666 Syst.
342 1573 422 1640 Orb.
446 1575 489 1639 V
483 1597 537 1660 eg.
565 1579 739 1660 proposui3
770 1577 831 1636 sed·
853 1595 927 1636 cum
951 1597 986 1652 ex
1012 1577 1081 1657 ejus
1112 1573 1202 1656 operis

157 1667 282 1727 ratione
302 1659 408 1722 omnes
431 1659 622 1722 differentias
635 1662 734 1720 simul
757 1661 906 1742 amplecti
928 1657 1107 1736 debuerim,
1131 1673 1202 1743 quat

158 1746 222 1810 huc
236 1745 308 1808 loco
322 1741 455 1823 resolvi,
476 1744 743 1804 Schraderiauum
768 1745 871 1826 ipsum
894 1746 992 1822 magis
1017 1731 1200 1822 logicum&

129 1869 135 1885 .
158 1831 292 1910 simplex
311 1839 366 1890 est.
390 1863 430 1876 ·-
450 1829 515 1888 Cel.
538 1823 662 1911 Meyer
692 1829 737 1888 ita
764 1826 894 1902 recedit,
910 1837 948 1886 ut
971 1826 1124 1887 Lichenes
1144 1823 1202 1910 Hy-⁸

158 1930 363 1995 menocarpos
384 1915 416 1974 in
439 1912 515 1972 duas
537 1909 732 1991 bipartiatur
755 1913 905 1970 sectiones
933 1903 1200 1992 dieeoregulort

138 1990 308 2064 'rotundo
329 1989 361 2056 δι
384 1985 579 2078 deformato
598 1991 770 2076 elongato,
793 1995 966 2075 omniaque
994 2013 1110 2073 genera
1135 1987 1200 2050 tlen-

158 2077 265 2142 lamio
299 2076 467 2163 primitus
486 2070 677 2158 fatiscente
709 2075 748 2136 ad
782 2077 993 2157 Couiocarpos
1028 2077 1139 2136 refert.
1166 2100 1199 2115 -
1241 2081 1242 2096 ¹

158 2163 224 2225 cet.
245 2158 419 2246 Sprengef
438 2162 655 2239 Meyerinnum
677 2171 811 2242 systema
836 2164 879 2219 ita
893 2163 1043 2236 mutavit,
1066 2153 1199 2240 utMye·

156 2243 316 2330 locarpos
325 2239 446 2324 Meye‘ri
460 2243 585 2322 (nucleo
606 2243 915 2326 subdeiiquescente)
926 2264 1021 2326 supra
1032 2239 1198 2326 Hymetto-

157 2349 281 2413 ourpoa
309 2329 484 2404 collocarit,
508 2326 594 2408 quod
616 2349 689 2387 vero
712 2332 861 2410 stirpium
891 2331 1030 2410 ipsarum
1056 2314 1198 2386 indoli&

156 2405 640 2491 affinitat1,tamthaffiquam
670 2412 913 2496 apotheciorum
937 2409 1103 2493 morphosi
1130 2404 1197 2466 mihi

153 2499 350 2558 contrarium
375 2495 513 2556 videtur.

223 2605 297 2674 JV.
327 2607 560 2689 Dispositiones
590 2625 608 2667 e
636 2603 739 2667 thalla
770 2607 868 2687 vulgo
896 2608 988 2668 maire
1020 2617 1102 2670 uotae
1126 2609 1197 2676 sunt,

155 2692 336 2773 meritoque
360 2695 385 2752 si
409 2711 426 2750 e
446 2689 541 2752 thalli
566 2690 669 2749 forma
690 2701 814 2750 tantum
840 2693 860 2754 Ι.
881 2695 1016 2752 externis
1042 2693 1124 2752 notis
1152 2707 1197 2747 su·
1239 2711 1240 2720 ³

156 2784 302 2834 muntur.
345 2775 388 2834 At
410 2773 630 2856 physiologico
644 2767 676 2834 ἃ
689 2775 936 2855 phytogenctico
958 2786 1116 2858 respectu,
1136 2779 1197 2832 uta

156 2857 222 2931 Cel.
243 2853 324 2935 Fe'e‚
346 2879 445 2939 quare
467 2856 529 2919 hoe
550 2857 690 2938 systema
703 2855 878 2919 Feeanum
905 2859 1055 2936 dixerim,
1077 2874 1195 2938 percep·

154 2951 200 3016 to,
224 2941 351 3002 minime
372 2940 485 3000 inutile
507 2941 635 3000 videtur
660 2941 753 3001 thalli
777 2941 966 3000 evofutionis
1000 2943 1121 3022 'gradus
1151 2956 1194 3016 sy·

156 3025 317 3086 stematice
338 3019 561 3107 proponere&
584 3025 813 3105 hincSystema
836 3023 1008 3086 thalfiuum
1032 3026 1128 3087 simul
1149 3039 1195 3103 pe·

89 3151 92 3164 ,
156 3109 305 3170 riclitari.
346 3109 447 3197 Acute
480 3107 639 3186 quoddam
670 3111 842 3170 limitatum
877 3129 936 3167 non
966 3106 1194 3192 exspectandum

158 3203 225 3266 est3
246 3191 393 3270 analogia
413 3210 491 3274 saepe
516 3211 574 3271 pro
603 3191 760 3252 affinitate
785 3191 944 3252 sumenda.
996 3189 1194 3274 Progredien·
1237 3267 1238 3270 Ἴ

153 3277 232 3338 dum
255 3276 286 3334 in
306 3273 368 3334 hoc
389 3276 440 3334 via
464 3268 721 3352 nmtlsemacioa,
742 3295 833 3336 sensu
863 3275 1001 3353 Linnaei,
1029 3267 1193 3356 incipiendo

154 3359 196 3422 ab
217 3357 342 3432 infimis,
363 3356 416 3417 sed
439 3355 611 3416 cavendum
631 3380 668 3418 ne
690 3359 784 3438 fingas
806 3370 952 3417 naturam
975 3361 1075 3442 ipsam
1098 3363 1128 3419 in
1149 3353 1194 3412 Li·

155 3441 309 3504 chenibus
331 3441 482 3502 enitendis
503 3439 547 3497 sic
559 3448 761 3522 progressam.
804 3439 899 3518 (Vide
922 3441 1004 3524 Syst.
1025 3441 1104 3504 Orb.
1126 3435 1192 3512 veg.

155 3527 182 3604 ς.
203 3533 265 3598 10).
308 3525 516 3585 Perfectiores
536 3523 687 3586 Lichenes
712 3545 730 3584 a
753 3524 887 3606 Phyceis
916 3527 1116 3598 adscendent,
1142 3537 1193 3602 <11¹⁰

155 3609 406 3690 imperfectiores
427 3616 500 3667 stant
521 3628 560 3667 eo
580 3610 678 3688 magis
697 3608 736 3670 ad
751 3607 988 3692 Hysterophyta
1012 3607 1194 3670 descendunt.
1236 3659 1237 3666 ,

49 3767 57 3778 Α
154 3688 449 3776 Myso-Lichanes
470 3689 546 3750 hinc
566 3689 643 3752 dicti
671 3693 769 3772 vufgo
792 3713 922 3773 quoque
942 3702 1115 3754 occurrunt
1136 3700 1194 3748 tan-

154 3785 225 3836 tum
251 3775 301 3836 vel
323 3778 353 3835 in
378 3775 469 3854 lignis
490 3775 639 3856 putridis,
663 3777 713 3836 vel
734 3776 879 3835 absolute
909 3778 1069 3837 corticofae
1101 3772 1146 3834 vd
1170 3768 1193 3824 in

45 3885 48 3892 ’
153 3861 235 3923 saxis
259 3861 418 3940 praecipue
443 3858 643 3920 formationis
663 3860 859 3934 recentioris,
881 3881 912 3924 v.
935 3879 961 3923 c.
977 3851 1192 3942 Opegraphoer

158 3937 395 4016 Verruuart'oe,
418 3935 450 4002 ἃ
475 3952 512 4002 ut
540 3941 645 4024 Fungi
674 3946 773 4024 magis
797 3943 866 4003 foco
887 3945 1018 4004 definito
1046 3934 1191 4016 adscripti,

154 4042 229 4086 cum
251 4019 554 4108 freyen-Lumo
575 4037 743 4107 rogantur,
766 4026 872 4090 nullas
887 4029 955 4090 fere
978 4029 1085 4114 privas
1105 4015 1191 4105 speci·
