2462 4598
156 275 237 366 :nep
580 223 808 334 'sacrosan

169 434 401 513 humidis-e.
417 439 615 542 ‘praecipue
644 441 740 513 inter
774 464 917 514 muscos
946 437 987 512 dt
1025 437 1186 536 inalpinis

79 629 86 634 ,
171 539 360 638 evidenter
386 539 521 614 abilin
544 545 575 614 ἢ.

177 645 179 652 ’
263 639 415 702 Omnium
443 643 557 702 harum
581 642 758 702 formarum
779 645 930 701 transitus
949 641 1061 702 directi
1088 637 1189 698 eviden-

173 723 298 799 tissimi,
319 723 538 808 physiologice
560 725 654 786 facile
674 723 844 804 explicati3
869 735 992 784 tantum
1018 724 1056 782 de
1075 727 1088 757 *
1107 720 1190 782 obser·

171 806 311 866 vandum
336 819 382 870 est
403 809 462 868 sub
478 811 546 870 istis
561 803 740 872 nominibus
757 807 852 870 simul
860 807 1087 891 ¹comprehendi
1103 807 1192 866 laruas

172 889 292 950 similes
314 892 451 952 aliarum
473 897 669 975 specierum,
701 889 834 971 analoga
863 894 987 950 ratione
1015 901 1193 950 mutaturum.

171 969 294 1034 Habitu
311 986 489 1054 angustato,
510 979 623 1058 polito,
645 973 772 1056 scyphis
795 974 1003 1056 planiuseulis
1029 971 1194 1052 angustatis·

162 1061 211 1117 ,ne
234 1057 328 1119 tacite
349 1058 554 1138 dignoscitur.
596 1059 679 1120 Basis
703 1067 882 1138 putrescens
901 1059 1061 1136 nigrescit,
1081 1054 1131 1114 sed
1151 1073 1194 1110 uon

171 1137 390 1220 albo-guttata
405 1145 449 1202 fit.
492 1145 561 1204 Non
584 1145 643 1202 nisi
669 1142 827 1202 rarissime
848 1141 915 1202 vidi
934 1141 1031 1222 hujus
1053 1138 1195 1224 specimina

171 1242 230 1308 per
258 1225 427 1286 intervalla
455 1227 641 1286 furfuracea·
662 1219 695 1286 ἃ
725 1222 869 1303 glabra,
886 1223 940 1285 sed
971 1245 1081 1284 omnes
1112 1221 1196 1279 forme

171 1309 311 1388 squamis
334 1307 518 1391 frequenter
540 1309 754 1387 obteguntur,
775 1317 903 1390 excepta
921 1311 946 1385 *,
965 1329 1038 1391 qum
1057 1316 1152 1366 tamen
1171 1325 1196 1362 e-

171 1391 252 1452 tiam
270 1391 472 1472 squamulosa
496 1395 563 1454 visa
583 1403 638 1453 est.
679 1390 904 1452 Aberrationes
922 1381 1197 1472 singulares&mu·

170 1475 279 1538 tilatas
307 1475 429 1535 easdem
447 1475 572 1557 profert
592 1496 628 1534 ac
648 1477 748 1557 prior.
794 1469 992 1560 Boeomyces
1000 1496 1024 1534 s.
1039 1469 1115 1534 Cam
1130 1478 1196 1529 alre·

170 1555 272 1638 Psilis
285 1558 364 1618 ach.
386 1569 433 1618 est
455 1560 550 1640 hujus
572 1560 675 1624 forma
699 1558 934 1640 leptophyllina
954 1556 1131 1642 apotheciis
1147 1553 1197 1635 epi-

170 1639 292 1722 phyllis
313 1652 369 1700 aut
399 1641 533 1724 podetiis
562 1641 766 1725 imperfectis.
809 1635 885 1702 Cen.
910 1630 1122 1724 leptophyllo
1141 1635 1197 1698 acb

171 1723 215 1802 ἃ,
240 1728 306 1804 ipso
329 1735 419 1801 teste,
441 1719 541 1784 Lien.
560 1721 787 1810 leptophyllos
807 1721 897 1802 Engl
922 1724 991 1784 Bot.
1014 1733 1039 1784 t.
1064 1729 1143 1792 1782
1168 1729 1198 1777 est

193 1807 303 1868 ulcher
325 1816 424 1868 status
439 1807 597 1886 gracilior
628 1807 896 1889 symphyearpeus
918 1810 949 1868 in
978 1808 1108 1867 ericetis
1128 1803 1199 1864 steri·

117 1939 119 1944 -
168 1831 255 1956 libus
279 1895 393 1972 passim
413 1889 537 1953 obvius.
583 1893 649 1954 Alii
675 1889 844 1953 validiores
864 1881 1199 1974 symphycarpei&ea·

169 1976 246 2037 riosi
269 1972 328 2033 sub
353 1969 692 2060 Cemsymplryearpo
719 1966 780 2036 &a
805 1973 1131 2056 comprehenduntur.
1167 1973 1199 2030 lle

168 2055 220 2122 his
240 2059 321 2117 inter
341 2052 694 2140 hanc&praeoedeutem
708 2059 803 2119 simul
822 2056 925 2123 obviis
950 2058 1200 2140 lormis,quarnn

168 2159 348 2228 synonyma
361 2162 433 2202 cum
456 2143 516 2203 hac
534 2143 730 2216 communia,
753 2143 857 2202 videas
880 2140 913 2201 ss
928 2140 1124 2224 pyxidatam.
1153 2138 1199 2198 Ubi

165 2230 250 2288 inter
271 2229 393 2286 muscos
414 2226 542 2289 altiores
565 2227 716 2302 nascitur,
741 2224 862 2285 thallus
884 2225 923 2284 ad
953 2223 1045 2284 basin
1068 2224 1200 2282 evanescit

168 2305 202 2370 dt
224 2305 426 2384 obliteratur,
449 2307 578 2370 omnino
600 2317 638 2372 ut
664 2309 696 2368 in
715 2312 799 2369 omni
817 2318 961 2390 respectu
984 2309 1124 2366 maxime
1145 2325 1201 2366 aaa·

168 2392 241 2472 loga
264 2386 311 2452 Ol.
332 2385 500 2466 subulam,
522 2393 611 2476 cnjus
628 2387 829 2452 'evolationis
852 2393 945 2452 series
957 2410 1093 2471 prorsus
1115 2389 1200 2450 eaden

167 2487 225 2554 est,
247 2478 377 2536 mutatis
405 2495 424 2533 a
444 2473 623 2536 ¹differentia
651 2477 816 2554 primitiva
846 2471 1073 2559 pendentibus.
1117 2471 1202 2534 Abe-

168 2551 218 2646 j'us
240 2559 352 2620 formis
370 2560 619 2638 angustissimus¹
636 2557 683 2623 Cl,
705 2558 833 2638 gracilis
867 2556 1018 2618 subulata
1040 2550 1076 2618 ἃ
1098 2558 1201 2618 furcata

167 2645 301 2708 r'amulis
323 2643 423 2721 longis
443 2644 559 2702 strictis
581 2635 640 2702 &a
660 2641 878 2722 dignoscenda.

130 2779 133 2786 .
254 2723 354 2787 Licln
377 2722 637 2789 vermiculorem
656 2721 785 2788 suarm.
810 2723 905 2805 Engl.
917 2724 985 2786 Bot.
997 2734 1020 2786 t.
1031 2727 1131 2794 2024.
1143 2718 1203 2783 Cla·

167 2807 315 2874 doniam.
339 2809 413 2868 Dec.
440 2809 480 2870 sn.
502 2840 543 2852 -
565 2809 615 2870 ΡΙ.
642 2811 726 2870 Mon.
748 2829 779 2892 p.
799 2817 871 2885 175,
915 2807 1030 2868 odetiis
1059 2807 1203 2867 alutaceo-

86 2967 87 2978 ἵ
166 2893 360 2978 papyraceis,
382 2890 550 2968 subulatis,
571 2893 805 2976 impersonatis,
824 2830 989 2968 dealbatis,
1011 2909 1138 2974 semper
1158 2899 1204 2946 ste·

166 2975 303 3056 rilibus,
323 2984 387 3033 tam
418 2973 459 3035 ob
482 2975 683 3055 podetiorum
718 2976 858 3052 indolem
892 2973 1069 3044 euidenter
1089 2966 1203 3033 morbo-

117 3115 119 3120 ,
142 3118 146 3128 ,
168 3078 257 3134 sam,
278 3078 374 3140 quarn
397 3059 597 3119 sterilitatem
620 3070 818 3146 perpetuam,
833 3057 928 3120 nullo
949 3053 1052 3118 modo
1078 3051 1226 3140 speciem*

169 3160 241 3205 ease
272 3137 463 3202 normalem
495 3148 529 3202 et
549 3139 741 3224 genuinam
772 3141 981 3204 certissimum
1016 3151 1075 3199 est.
1126 3137 1203 3196 Plene

166 3226 316 3287 assentior
329 3223 451 3283 acutiss.
463 3221 854 3301 Wallrothio,neell1cere
871 3225 999 3308 quidem
1010 3226 1205 3292 varietatem
1224 3270 1225 3289 ,

165 3311 219 3371 sed
241 3318 365 3370 tantum
400 3327 463 3366 esse
491 3310 611 3390 prolem
636 3308 853 3392 degeneratam
882 3311 914 3368 in
946 3307 1116 3386 uliginosis
1137 3304 1225 3383 alpi·

166 3393 222 3453 um
245 3401 356 3452 ortam.
401 3388 588 3473 specimina,
610 3413 679 3475 quae
701 3391 848 3464 laudatus
868 3393 967 3454 viria
983 3393 1143 3450 conventu
1156 3385 1203 3446 Bo·

166 3478 345 3538 tanicorum
369 3471 507 3536 Beroliui
531 3475 613 3550 1828
632 3473 891 3552 demonstrabat,
914 3475 981 3558 ejus
1003 3481 1115 3532 ortum
1135 3465 1204 3530 all.

196 3553 299 3636 rualli
320 3559 393 3616 satis
411 3578 445 3616 su
472 3580 506 3618 er
532 3579 569 3617 ue
583 3558 770 3640 probarunt.
813 3559 848 3618 In
861 3559 1023 3638 uliginosis
1038 3555 1203 3614 veroSmo·

163 3569 278 3701 lindis
311 3642 410 3722 ipsius
442 3578 537 3702 glad.
566 3641 715 3704 uncialis
742 3641 877 3704 similem
903 3641 1038 3702 formam
1072 3639 1203 3708 vidimus,

165 3718 199 3782 dt
222 3744 256 3780 ox
279 3723 405 3803 alpibus
427 3725 609 3802 Norvegicis
632 3727 804 3807 specimina
826 3734 972 3807 exparte
995 3723 1140 3782 inferiori
1160 3737 1201 3776 ve·

167 3827 235 3864 ram
259 3802 307 3865 Cl.
328 3814 524 3880 cornutam,
547 3828 619 3866 cum
640 3830 703 3889 qua
734 3812 794 3892 jam
817 3805 1024 3892 conjungebat
1048 3801 1202 3872 Dillcnbm

166 3889 315 3945 sistentia.
358 3889 454 3949 Nolui
477 3893 585 3972 itaque
616 3911 681 3974 nee'
703 3895 808 3954 omnia
835 3912 1006 3974 synonyma
1033 3888 1075 3946 ad
1105 3885 1201 3946 delini-

166 3979 233 4026 tam
255 3972 387 4048 specicm
409 3974 538 4048 referre,
556 3995 611 4034 nec
633 3995 669 4034 ex
693 3973 743 4035 his
768 3977 920 4056 analogis,
944 3973 1031 4057 quasi
1054 3967 1202 4029 conlluen·

164 4050 262 4125 tibus,
285 4052 592 4118 formis-transitum
609 4056 717 4120 videre
735 4057 776 4124 ad
797 4059 916 4124 formas
937 4063 971 4122 in
998 4063 1085 4122 statu
1104 4049 1202 4133 senui·
