2436 4594
153 202 218 272 aaa
575 193 797 286 terrama.
826 292 831 298 ,

155 369 203 428 cia
225 368 315 452 quasi
337 375 467 448 natanta
498 368 672 430 exsiccatas
700 387 777 452 vern
805 367 966 456 maculam
994 368 1096 430 tuma
1114 375 1164 430 tm·

154 461 226 514 tum
249 454 340 516 sistit·
365 455 447 514 Tam
473 451 513 513 ad
539 451 739 532 ligna,quam
755 451 795 512 ad
808 463 927 513 terram
949 451 1007 512 sub
1027 452 1077 512 hac
1093 451 1164 510 sarna

153 555 235 620 saepe
254 534 394 596 vidimus
418 535 652 598 evidentissime
676 537 708 596 in
739 531 784 598 L.
805 531 1012 604 mz'lliariam
1030 537 1113 618 ipsam
1128 533 1167 591 aa

155 629 306 692 euntem;
330 622 502 703 specimina
521 622 552 680 in
579 615 667 678 Lich.
690 619 780 679 Suec.
805 641 836 685 n.
857 629 931 690 212.
952 619 986 680 B.
1008 617 1110 680 tradita
1119 623 1169 675 errat

155 712 263 784 partes
283 703 428 784 ejusdem
446 692 605 763 individui
627 721 663 760 ac
685 701 723 762 A.
755 738 797 780 ς·
822 695 879 766 ‘Ab
901 704 988 768 omni
1010 700 1095 763 simili
1111 708 1170 758 stati

155 782 200 846 B.
220 783 406 868 caliginosae
425 786 577 846 differunt
599 785 710 866 apotb.
726 785 788 870 jam
812 791 964 870 primitus
982 787 1066 846 atris.
1089 817 1122 830 -
1140 781 1172 845 ln

154 868 216 932 hoc
239 869 433 950 hypothaiio
455 870 495 930 ad
516 879 635 930 terram
673 871 758 930 inter
771 870 911 950 granula
943 877 1075 948 surgunt
1102 863 1174 924 ssor‘

154 954 455 1035 passimpulvinati
478 954 580 1033 nigri,
611 954 643 1011 in
667 973 733 1034 qno
755 963 841 1018 statu
864 947 984 1014 Lecid.
1005 945 1117 1014 radere
1138 945 1173 1005 tle·

156 1037 276 1118 scripta
306 1045 362 1097 est.
396 1033 441 1098 L.
461 1033 593 1100 arction
629 1037 791 1118 perasfinis
819 1045 883 1113 est,
914 1028 960 1100 L.
985 1029 1175 1096 rabuletarnn

157 1132 229 1178 meo
254 1140 344 1180 sensu
372 1122 498 1202 longius
519 1119 624 1178 dis'tnt.

156 1227 158 1234 ‘
228 1218 363 1289 Trachpb'a
380 1219 509 1288 lr'gne‘ar'r'a
527 1219 594 1269 Fri
599 1235 634 1272 ar
654 1217 686 1269 V.
704 1220 736 1270 A.
752 1217 787 1270 H.
807 1219 823 1270 ἱ.
844 1235 868 1270 a.
886 1219 968 1270 adim
986 1217 1054 1269 atrii
1071 1209 1136 1268 Mis
1150 1229 1166 1262 t¹

156 1289 338 1376 pproeredmte
358 1306 417 1342 arra
436 1291 544 1342 diversm
622 1317 627 1336 ι
668 1319 674 1334 ·

157 1396 244 1492 296.
258 1396 483 1469 LECIDEA
495 1392 741 1493 mymneci'na,
752 1405 881 1473 crustae
897 1391 1063 1490 granulis
1080 1391 1168 1462 discr

208 1499 256 1569 tis
281 1493 572 1596 cartilagineise
596 1498 707 1569 viridi
730 1496 901 1578 cervinis,
919 1493 1119 1592 apotheeiis
1140 1517 1167 1562 r·

167 1659 170 1664 .
207 1600 336 1672 mixtis
362 1600 569 1698 applanatis
603 1599 710 1672 nudis
735 1598 885 1669 demum
912 1595 1183 1694 rugoso-plicatis,

194 1701 312 1774 intus
338 1703 437 1786 atriS,
458 1701 623 1800 margine
646 1700 759 1773 tenui.
775 1700 886 1773 Fries
896 1701 939 1771 V
935 1712 981 1769 et.
993 1699 1064 1773 Ac.
1074 1693 1184 1770 Harii

167 1823 170 1830 ⁴
216 1805 321 1876 1822.
382 1802 530 1877 .=·25'.‘

167 1979 171 1988 ι
209 1901 319 1964 Lecid.
345 1829 586 1964 iriesiiiAclz.
611 1897 648 1962 in
670 1881 810 1986 Lz'ljebl.
837 1895 896 1969 Ser.
918 1895 974 1962 Fl-

213 1983 285 2048 Exs‘.
308 1983 411 2049 Liria.
432 1981 528 2048 Saea.
551 2005 584 2047 n.
607 1993 661 2056 28.

260 2086 320 2160 Ad
345 2101 496 2161 truncos
522 2100 681 2160 vetustos
708 2087 804 2172 Pini,
836 2086 935 2172 alui,
960 2088 1126 2178 Quercus
1144 2081 1186 2155 δι’

161 2181 299 2262 Sueciae
324 2188 588 2262 meridionalis.
608 2241 625 2266 „
882 2248 885 2254 .

250 2287 375 2370 Species
395 2293 510 2351 eximie
530 2287 678 2370 diversa,
711 2291 795 2352 maie
825 2289 865 2350 ad
886 2285 1031 2352 '’Leeid.
1056 2283 1161 2349 rcnlar

160 2372 218 2456 β.”
240 2372 330 2450 Acta,
350 2395 420 2454 quae
444 2374 666 2449 diversissima,
689 2375 800 2452 reiatn,
823 2376 932 2456 potius
954 2377 1081 2455 optime
1096 2388 1186 2430 mone

161 2467 194 2516 te
215 2456 491 2537 Wahienhergio.
504 2453 626 2518 Lecid.
645 2453 878 2518 aabzrletarum
906 2457 1024 2516 affinis.
1078 2449 1192 2516 Granni

161 2543 287 2600 omnino
310 2541 444 2600 discreta
477 2563 494 2601 e
523 2542 609 2620 ligno
630 2550 822 2622 erumpant,
848 2540 1042 2616 rotundatu,
1067 2537 1192 2619 gibba,r

161 2621 397 2698 viridicervina‚
428 2618 549 2700 nitida,
576 2622 648 2684 dein
672 2627 901 2690 concrescentia
922 2617 955 2682 ἃ
977 2624 1193 2703 οΐΰςιιιηῐο,αῑ

162 2725 285 2788 semper
307 2717 480 2788 compacta,
504 2726 560 2766 nec
582 2705 726 2768 soiineca.
767 2707 942 2790 Apothecia
977 2711 1112 2782 tenuia,
1138 2707 1194 2762 ina

163 2790 297 2868 granula
319 2810 336 2849 e
358 2791 445 2870 ligno
466 2809 593 2873 quoqne
613 2801 814 2867 enascuntur,
838 2809 958 2871 semper
983 2785 1195 2872 opaca‚aterri·

162 2891 214 2932 ma
238 2866 272 2932 ἃ
295 2873 391 2950 nuda,
414 2877 564 2954 intusque
583 2874 738 2933 similaria
761 2883 936 2956 apparent,
968 2873 1096 2953 juniora
1121 2868 1198 2952 pinni·

163 2956 275 3017 ascula
296 2958 442 3036 aqualia,
462 2958 533 3016 dein
554 2965 662 3018 centro
683 2955 856 3016 umbonata
869 2985 884 3033 ‚⁴
903 2957 973 3014 mox
998 2959 1141 3036 margine
1156 2951 1212 3016 dtr.

162 3037 294 3120 plicato,
315 3040 509 3122 demumque
531 3041 703 3100 convexuia
726 3043 1067 3120 corrugata-crispata.
1112 3037 1199 3116 Hyp

163 3119 284 3262 gihellus
306 3123 436 3182 videtur
457 3125 541 3184 idem
563 3143 600 3184 ac
620 3125 651 3182 in
674 3123 903 3201 Ochroieucis,
936 3126 990 3185 sed
1022 3127 1127 3183 minus
1152 3119 1200 3178 evi·

188 3223 250 3262 ens.

208 3289 255 3322 Μ
278 3281 507 3351 Ochroleueoe.
552 3283 653 3350 color
669 3286 910 3372 granularnm
950 3287 1127 3362 alleaeena,
1140 3281 1199 3347 rai

254 3367 481 3432 onltroleucue.
524 3367 767 3455 Hypotlrallne
789 3380 829 3433 at
851 3366 888 3434 in
905 3309 1049 3435 (inlicta
1067 3367 1199 3456 byssiae

252 3473 443 3516 araneorar
463 3473 642 3518 canescens
664 3453 762 3537 ligno
786 3456 935 3519 innatae.
1002 3481 1005 3490 ·

166 3599 251 3674 297.
274 3571 491 3644 LECIDEA
510 3576 676 3665 elaberis,
705 3591 834 3650 crustae
866 3575 1027 3673 granulis
1055 3571 1201 3646 discretis

178 3729 188 3738 .
217 3673 464 3770 cartilagineis
503 3675 827 3774 paliesccrrti-alhis
856 3680 990 3762 nudis,
1022 3673 1201 3774 apotheciis

215 3776 412 3860 immixtis,
432 3776 609 3874 excipulo
634 3780 855 3853 carbonaceo
892 3779 1079 3880 capulari,
1116 3777 1200 3848 disca

181 3977 185 3984 .
216 3875 317 3948 nudo
340 3875 487 3949 demum
518 3881 823 3982 rugoso-plicato,
859 3883 1024 3980 margine
1045 3876 1197 3952 obsoleto.

215 3980 326 4048 Fries
348 3981 371 4049 I.
398 4004 428 4050 c.
448 4005 492 4074 p.
521 3979 602 4052 256.
