2546 4610
118 185 170 269 n
331 227 333 237 .
374 208 388 277 g
550 173 727 252 :enno

119 353 370 444 siologicis
382 354 475 420 bano
490 353 685 420 maximam
700 348 1085 442 erroadiflngofuuse
1099 379 1187 424 sass-

119 463 210 523 sam,
230 451 270 504 ut
280 437 393 504 verbis
407 435 548 500 utarH
552 435 621 504 all
627 441 707 520 eri,
744 437 813 502 uod
827 440 958 526 paruis.
969 442 1185 526 experimen-

118 526 175 604 tis,
199 531 262 588 aut
281 521 418 586 demum
440 518 568 597 multis,
592 520 654 584 sed
674 462 829 607 sssbljcsta
852 542 918 606 pro
940 524 1186 607 experimentis

122 605 302 690 analogia,
321 600 478 701 plerique
500 601 556 664 mi
574 603 646 666 sint
663 603 776 668 -vel
796 604 901 672 etiam
918 604 974 668 bis
992 601 1184 691 deficienti·

120 688 183 755 bus
203 686 288 775 quid
307 685 521 772 explicatum
545 687 739 750 censuerint
776 685 999 776 qualitatibus
1031 689 1185 770 occultis,

120 793 212 860 quse,
234 770 315 836 licet
333 767 508 855 speciosae,
529 776 569 840 ut
587 766 740 833 obscurae
762 769 851 834 inter
874 770 1061 834 severiores
1080 781 1185 834 natta

107 875 173 920 *roe
194 857 405 920 scrutatores
428 849 490 913 via
509 850 597 914 ullos
616 851 759 915 eximios
778 860 964 916 sectatores
987 863 1181 918 numerant.

119 971 164 986 -·
188 936 276 1020 Quoe
298 933 341 998 de
362 929 508 998 diversis
528 931 774 1017 vegetabilium
794 931 957 1013 seriebus,
985 935 1185 1020 vita‚‚mor-

115 1019 225 1106 pbosi
244 1027 306 1082 etc.
325 1013 599 1101 discrepantibus
619 1015 656 1079 in
680 1017 999 1102 praelectione
1029 1019 1182 1103 primu

114 1101 256 1189 plenius
277 1101 404 1165 iterum
424 1097 556 1183 repetii,
578 1098 729 1162 omniurn
747 1097 997 1166 Botonicorum
1020 1101 1184 1168 attentio.-

120 1206 165 1251 ηε
186 1185 301 1270 digna
329 1181 443 1247 videri
462 1180 606 1246 vellent
637 1179 760 1260 Plura,
791 1204 897 1270 quarn
928 1181 1033 1268 liujus
1069 1183 1185 1264 operis

115 1269 216 1335 ratio
238 1265 329 1344 tulit,
354 1286 396 1330 es
417 1262 472 1328 bis
495 1261 787 1328 observationibus
808 1263 933 1330 deduci
951 1287 1050 1351 posse
1067 1259 1125 1353 fin
1154 1288 1184 1336 o,

120 1349 378 1417 Primitiae
410 1343 1022 1443 GcograpbicoeLicbenum
1052 1349 1089 1412 in
1143 1371 1185 1412 u-

120 1455 213 1521 ropa
233 1429 484 1498 distributionis
505 1451 661 1526 mopere
681 1429 785 1516 liujus
808 1429 933 1493 indolis
953 1427 1185 1516 via'deficere

15 1565 17 1576 .
115 1524 323 1606 potuerunt3
353 1512 415 1577 sed
458 1510 652 1576 auoisssmss
677 1511 894 1597 praeparatis
925 1512 1088 1578 subsidiis
1118 1514 1185 1576 mi-

120 1601 214 1664 nime
239 1595 413 1664 absolvere
430 1533 537 1658 licuit.
570 1593 846 1682 Historiam
873 1596 1083 1660 succinctam
1105 1594 1184 1662 Li-

121 1679 313 1746 abenolo
361 1679 431 1743 iae
463 1673 630 1745 tironibus
657 1678 775 1762 magis
807 1673 1007 1776 proficuam
1038 1678 1184 1756 credidi,

123 1785 231 1856 quarn
251 1700 382 1828 nasim
395 1760 563 1826 librorum
572 1759 756 1824 citatorum
777 1784 820 1826 ea
845 1761 1051 1825 lrcationern.
1067 1786 1095 1826 e.
1110 1785 1136 1824 s.
1148 1787 1185 1850 p.

205 1843 355 1910 Librum
380 1841 510 1930 pandit
542 1841 775 1928 dispositionis
848 1843 1002 1908 icbenum
1037 1857 1187 1930 receptes

82 1949 94 1966 ⁸
123 1937 331 2014 conspectus,
363 1926 424 2014 qui
450 1923 556 1990 simul
585 1925 651 1989 rite
683 1923 873 1990 intellectus
899 1947 967 2012 pro
998 1927 1186 2016 affinitatis

102 2049 105 2056 ·
125 2008 399 2088 adumbratione,
419 2017 453 2072 et
472 2001 625 2094 artificio
645 2007 859 2074 considerari
905 2009 998 2088 assit,
1011 2033 1110 2098 quern
1129 2033 1188 2098 sy-

122 2093 340 2170 stematioum
359 2091 507 2177 genium
537 2087 761 2176 probantibus
796 2101 831 2157 et
889 2090 1024 2156 icbenes
1049 2096 1186 2158 exami-

122 2173 286 2240 nantibus
309 2168 407 2240 baud
428 2171 684 2257 displiciturum
715 2196 905 2258 speramus.
957 2177 1012 2242 At
1037 2199 1079 2240 ne
1107 2177 1185 2254 tiro,

124 2256 219 2345 quod
245 2255 434 2322 cavendum
463 2275 597 2336 censeo,
623 2255 734 2322 unicos
760 2256 904 2321 videndi
934 2259 1068 2324 rationi
1097 2281 1187 2324 coeca

123 2339 325 2422 adboereat,
358 2339 480 2427 plures
513 2338 725 2402 variationes
755 2337 886 2404 addidi.
944 2339 997 2404 Pb
1020 2341 1188 2423 siologico
1271 2389 1272 2394 η

123 2423 253 2507 magis,
273 2446 378 2511 quam
400 2421 616 2510 systematico
638 2431 804 2507 respectu,
832 2419 957 2486 addidi
1010 2423 1186 2508 ispositio-

123 2525 203 2569 nem
231 2505 437 2584 tballinam,
474 2502 613 2593 qualem
640 2513 717 2570 tam
748 2505 917 2572 incertum
951 2502 1186 2591 dispositionis

114 2583 394 2672 fundamentum
409 2583 525 2678 offert.

206 2669 253 2736 In
269 2671 455 2756 generibus
475 2677 510 2734 et
528 2669 701 2756 speciebus
718 2669 933 2760 diagnostice
953 2671 1184 2738 describendis

123 2751 316 2820 tambrevis
334 2761 367 2817 et
378 2763 499 2819 acuttu
512 2775 584 2818 esse
604 2753 729 2832 studui,
745 2779 851 2842 quam
870 2757 929 2822 rei
946 2755 1185 2842 perspicuitas
1270 2827 1271 2832 γ

123 2838 327 2922 etipsarum
344 2845 470 2921 protea
483 2835 612 2900 usdoles
632 2837 837 2924 permiserit.
873 2837 963 2903 Sunt
983 2862 1010 2902 s.
1034 2837 1066 2902 d.
1098 2835 1186 2902 dia·
1270 2859 1271 2862 ’

120 2941 250 3006 gnoses
272 2915 485 2982 adminicula
505 2917 555 2982 ad
571 2921 699 3007 species
730 2923 873 3007 ignotas
894 2919 1187 3002 determinandas,

120 3023 192 3066 non
211 3000 402 3087 specierum
425 3001 589 3080 oriteria5
613 3025 698 3066 nam
728 3026 822 3101 saepe
853 3003 1021 3090 deficiunt
1063 3009 1193 3090 partes'

120 3107 150 3148 e.
176 3106 203 3147 s.
220 3105 258 3170 p.
298 3081 337 3146 Ε
353 3083 471 3168 logica
501 3085 705 3150 methodica·
730 3110 820 3152 euzrn
862 3087 1016 3152 omnibus
1049 3095 1187 3152 constat
1269 3105 1270 3152 l

120 3188 185 3230 nos
203 3173 339 3229 tantum
360 3162 507 3255 definire
528 3167 625 3232 ideas
645 3191 672 3232 s.
693 3177 810 3234 status
828 3182 862 3257 ty
888 3171 966 3250 isos,
990 3171 1109 3255 quales
1124 3193 1186 3234 ea·
1269 3239 1270 3263 ¹

112 3249 287 3335 cepimus,
304 3259 339 3313 et
360 3251 450 3316 solos
470 3247 740 3316 Matlzematicos
768 3253 849 3318 abso
953 3275 1018 3316 sua
1052 3251 1188 3330 objecta

125 3327 283 3411 definire.
316 3329 457 3400 Multas
476 3334 613 3398 nomine
622 3331 708 3418 fere
727 3337 907 3422 neglectas
928 3345 1028 3400 notas
1063 3331 1101 3398 in
1124 3357 1189 3398 au-

125 3413 254 3478 stium
276 3417 403 3491 voeavi.
454 3415 656 3482 Varietates
676 3417 828 3494 leviores,
843 3414 1000 3502 formas,
1035 3418 1132 3484 lusis
1155 3424 1191 3482 st

125 3496 277 3585 reliquos
296 3495 422 3575 titulos,
446 3519 529 3586 quos
551 3499 698 3564 diversoe
729 3499 989 3566 individuorum
1022 3500 1186 3586 evolutio-

123 3600 185 3644 nes
200 3589 340 3664 gerunt‚
359 3593 464 3661 raro,
488 3581 560 3648 nisi
582 3603 843 3669 synonymorum
867 3585 1005 3667 gratia,
1028 3582 1164 3649 ‘curavi
1175 3605 1188 3662 ς

123 3661 189 3726 boc
205 3683 285 3748 gry,
307 3661 477 3728 tironibus
488 3663 704 3749 frustranea
726 3687 821 3742 crux,
844 3667 881 3730 in
911 3666 1021 3732 libera
1052 3677 1190 3730 notura

40 3759 46 3772 ·
122 3746 243 3828 magis
263 3742 469 3894 suffundit*
505 3747 549 3814 V
542 3748 616 3832 erte,
625 3746 851 3814 varietatibus
870 3751 978 3814 inesse
988 3746 1098 3834 fingo
1106 3749 1190 3834 pri·
1267 3799 1268 3834 ᾗ

123 3825 282 3892 mitivarn
325 3825 554 3976 lice'mm’
574 3851 640 3916 per
664 3834 785 3898 varias
806 3823 1080 3917 modificationes
1104 3853 1190 3896 con·
1267 3867 1268 3870 ¹

124 3915 282 3973 stantem.
365 3912 457 3978 ullas
478 3915 607 3998 species
629 3913 701 3978 nisi
722 3938 746 3980 a
768 3937 821 3980 nze
841 3918 939 3980 visas
958 3915 994 3977 'in
1008 3923 1186 3982 certorum

121 4011 302 4059 minutum
319 3995 471 4082 recipere
493 3993 615 4082 debui5
635 4001 764 4086 species
794 3999 927 4066 steriles
951 4006 1090 4068 tontum
1111 3996 1183 4062 lec·
