2462 4598
127 219 226 332 Μ
283 231 286 239 ·
562 181 779 312 necinus.

136 404 224 470 ,milis
246 402 389 482 minutis,
413 385 505 482 nunc*
519 403 645 485 sparsis,
667 409 754 472 nunc
772 401 1019 483 conglomeratis
1039 409 1137 479 teoto,
1153 411 1182 462 et

74 545 76 548 .
139 507 314 569 numquam
337 487 488 567 primitus
518 495 656 552 turturea
678 488 837 564 areolum,
866 485 983 546 areolis
1005 481 1183 546 subtobatis.

33 607 35 614 ·
139 571 316 654 Apothecia
337 589 354 629 e
375 570 530 653 primario
554 571 654 630 lacteo
675 571 873 632 coloremus
895 567 1016 632 abeunt
1043 572 1075 630 in
1089 571 1184 630 luteo·

141 656 210 716 lum
233 663 290 714 aut
309 651 484 730 rubellum,
506 655 539 714 in
559 652 590 713 b.
613 655 781 734 insigniter
802 651 986 728 helvolusn,
1006 652 1187 732 demumque

141 740 388 812 luscescentem
420 736 496 796 locis
526 757 612 802 vero;
629 737 757 798 cariosis
789 730 822 796 ἃ
841 735 913 796 udis
933 735 1030 814 citius
1051 738 1138 811 fusco
1158 755 1187 793 e-

60 850 61 854 ’
142 821 273 884 vadunt.
310 853 351 864 -
389 819 551 880 Accedunt
583 819 728 900 plurimae
756 820 962 898 degenerare·
980 819 1113 894 forme,
1140 839 1188 877 er-

142 915 233 966 terua
265 903 346 964 facie
374 905 472 982 magis
505 905 703 983 recedentes,
735 902 788 964 sed
818 923 856 964 eo
884 901 952 983 ipso
982 905 1090 963 minus
1110 903 1191 982 typi-

143 1009 186 1048 cae
205 981 238 1046 ἃ
259 983 507 1063 memorabiles,
527 1005 664 1068 quarum
688 987 833 1053 'rutiones
853 987 997 1066 typidum
1023 983 1191 1047 Licheuum

143 1080 263 1132 statum
282 1072 503 1154 perspicientes
526 1071 619 1130 facile
640 1069 758 1133 vident.
775 1105 820 1144 -,
834 1070 949 1130 Crustu
968 1073 1013 1129 sio
1033 1071 1141 1128 minus
1163 1089 1192 1126 e·

143 1155 257 1234 voluta
278 1165 404 1220 tautum
432 1155 515 1214 sistit
546 1155 705 1214 vernicem
736 1155 949 1232 tenuissimam
981 1151 1138 1228 viridem,
1166 1161 1193 1209 nt

144 1238 206 1318 iem
229 1238 396 1320 apothecis
417 1237 579 1311 diminute
597 1237 1076 1318 immerginata'proferentem,
1096 1237 1193 1316 qualis

144 1343 183 1384 ex
204 1323 331 1402 Flotou
357 1315 475 1382 Lecid.
497 1311 871 1401 ‹terreo-floreoFl‹'irlr,;¹
888 1320 947 1380 cfr.
967 1316 1098 1400 quoque
1113 1319 1193 1377 Lich.

145 1405 238 1468 Suec.
257 1427 286 1466 n.
311 1409 385 1476 245.
405 1401 554 1470 B..Haec
578 1407 677 1482 magis
702 1404 880 1486 eiplicntur
906 1405 942 1462 in
975 1411 1114 1462 crustam
1146 1423 1194 1458 ra·

145 1491 193 1550 rie
214 1489 388 1549 deformem
421 1488 626 1548 virescentem
659 1481 789 1563 (Lecid.
815 1480 944 1568 erysibe
965 1483 1043 1544 neh.
1066 1485 1194 1560 meth.);

145 1571 244 1634 sedet
269 1571 382 1632 melius
405 1571 566 1651 explicate
588 1569 682 1647 liujus
704 1571 815 1653 speciei
839 1571 948 1628 formae
968 1589 987 1630 n
1006 1567 1195 1631 Clrlorococ·

144 1675 182 1730 co
203 1659 370 1736 saepissime
393 1655 485 1714 dense
511 1649 760 1733 obruuntur&
792 1651 1105 1734 leproso-sarinnccae
1127 1671 1195 1714 esa-

145 1737 236 1798 dunt.
279 1738 329 1799 Ad
351 1739 451 1798 latero
475 1737 634 1817 lignorum
657 1739 740 1803 carie
762 1743 1104 1817 preneconsumtorum
1126 1755 1196 1792 cru-

145 1831 193 1882 sta
215 1823 282 1902 ipse
317 1823 350 1882 in
364 1889 365 1895 ἵ
380 1823 500 1903 lepram
522 1820 902 1900 granuloso-snriuuceom
925 1818 1195 1896 aeruginoso-riri-

146 1904 218 1966 dem
241 1903 439 1986 deliquescit,
463 1903 630 1986 apothecio
659 1923 695 1967 ex
723 1902 797 1974 albo
821 1923 892 1970 mox
913 1901 1115 1978 fusco-nigra
1134 1905 1194 1976 (sc-

145 2008 196 2072 pe,
216 1996 253 2046 ut
275 1991 308 2048 in
331 1988 404 2048 aliis
426 1989 562 2062 accidit,
593 1985 767 2063 scabrida),
795 2001 864 2068 quse
895 1987 1052 2067 optimam
1083 1979 1194 2044 Lecid

147 2066 408 2133 viridescentem
428 2071 506 2132 Ach.
525 2063 679 2150 (Llcken.
702 2069 807 2146 Auct.)
823 2072 960 2142 sistunt,¹
973 2067 1047 2126 licet
1069 2060 1132 2129 sub
1144 2067 1195 2126 hoc

147 2155 274 2214 nomine
294 2155 389 2213 etiam
412 2154 537 2233 andlogi
561 2161 660 2215 status
683 2148 724 2212 B.
745 2137 972 2215 decolorentur
993 2149 1035 2210 ub
1051 2149 1195 2224 Achario,

147 2231 464 2315 Decand011e0&c.,
493 2259 514 2300 a
542 2234 652 2296 Itetch.
673 2229 711 2296 dr
733 2233 850 2296 Schub.
884 2234 973 2294 Lich.
1004 2253 1065 2298 crs.
1086 2255 1117 2297 u·
1144 2243 1194 2302 101

147 2315 334 2382 Parmelioe
374 2326 561 2382 coarctatae
588 2339 615 2378 e.
647 2341 670 2382 s.
706 2340 737 2401 p.
771 2321 980 2400 recipiantur.
1020 2317 1195 2379 Communis

148 2401 194 2463 est
207 2403 256 2462 lex
280 2404 424 2467 omnium
445 2404 622 2464 formarum
636 2407 848 2485 stypicaruru,
864 2422 915 2465 eas
927 2411 1052 2484 -srtpote
1073 2419 1194 2470 erroneo

147 2487 219 2550 ideo
239 2486 387 2548 fundatas
411 2505 586 2568 numqupm
616 2486 656 2547 ad
685 2488 844 2560 definitum
872 2487 1007 2566 speciem
1035 2486 1194 2564 pertinere,

146 2569 232 2630 unde
254 2579 302 2630 tot
326 2571 455 2630 inutiles
471 2569 557 2652 apud
575 2569 730 2630 Auctores
749 2571 974 2628 contentiones.
1018 2565 1136 2628 Eodem
1160 2579 1195 2628 est

80 2687 84 2714 ι
148 2655 233 2713 ratio
254 2649 416 2714 Lecideae
438 2651 571 2714 zucanoe
594 2651 684 2728 Aen,
707 2653 801 2712 etiem
825 2671 884 2734 pro
908 2662 1001 2732 purte
1023 2669 1092 2712 uc.
1111 2649 1196 2710 Som-

79 2761 84 2778 .
148 2736 240 2795 merl.
262 2736 362 2817 Lapp·
384 2757 416 2818 p·
443 2743 507 2806 164
527 2738 590 2798 hue
611 2736 798 2810 referendae,
827 2755 896 2822 quoe
925 2744 972 2797 est
998 2746 1106 2820 crustu
1137 2735 1196 2796 loco

149 2819 274 2878 sicciori
297 2819 670 2902 leproso-deliquescens3
698 2815 934 2896 Lecuuoroee
966 2839 1049 2892 usoe,
1070 2799 1196 2899 solique

150 2902 277 2962 nomine
299 2903 331 2965 in
353 2901 449 2966 Herb.
469 2902 548 2966 Ach.
576 2903 663 2967 adest
699 2895 731 2962 ἃ
760 2904 791 2964 in
823 2895 881 2963 En
924 2897 1042 2980 ,Bon
1068 2906 1091 2960 t.
1123 2909 1198 2972 1863

152 2981 281 3059 (Lichen
303 2983 431 3063 effusus)
453 2989 607 3069 pingitur.
630 2985 700 3046 cfr.
715 3007 850 3067 ¹quoque
876 2915 1078 3068 gyalectam
1097 3005 1198 3070 cupu-

152 3062 264 3127 larem
287 3089 318 3152 y.
340 3099 378 3112 -
397 3070 574 3152 Apothecia
593 3071 765 3130 certissime
786 3070 883 3146 etiam
907 3067 1052 3130 scabrida
1071 3081 1130 3128 aut
1154 3069 1197 3128 di-

125 3159 129 3170 ’
152 3167 204 3208 sco
246 3151 408 3212 unctulatn
429 3153 587 3230 evadunt,
613 3147 646 3213 ἃ
675 3155 803 3213 omnino
826 3149 890 3212 huc
910 3154 1073 3234 pertinent
1096 3153 1198 3217 torma

140 3231 193 3312 ¹ad
234 3262 238 3270 ·
289 3231 334 3295 td.
351 3229 586 3318 fuscoluteam
613 3238 647 3322 β,
670 3231 918 3299 leucorrliaeom
946 3234 995 3295 Fl.
1024 3235 1196 3296 referende.

152 3347 194 3360 -
217 3315 316 3378 Felici
338 3339 412 3378 casu
434 3337 538 3383 omnes
561 3322 711 3402 proximu
736 3318 815 3378 hene
842 3317 1005 3396 limitatae,
1025 3329 1062 3382 ut
1083 3318 1127 3378 st>
1157 3321 1197 3380 liis

153 3400 241 3460 faciti
264 3403 391 3482 negotio
413 3399 615 3485 dignoscatur
643 3401 677 3464 B.
704 3402 861 3476 vernalls3
896 3401 949 3460 sed
981 3404 1040 3464 nisi
1075 3401 1117 3462 od
1139 3416 1196 3464 sta·

152 3493 206 3543 tus
236 3487 405 3564 primarios
441 3486 612 3546 attenderis
647 3483 742 3548 facile
771 3483 944 3552 credideris
979 3506 1046 3546 eam
1081 3487 1197 3548 conllu·

155 3575 208 3626 ere
241 3586 314 3628 cnm
352 3569 465 3628 infimis
504 3567 651 3652 prolibus
679 3565 798 3630 Parm.
818 3561 1013 3650 subfuscoe,
1039 3566 1196 3636 uarioe&

148 3641 381 3734 ferruginem,
410 3655 554 3734 quamvis
575 3673 686 3714 earum
713 3648 889 3725 differentia
919 3649 1009 3713 nullo
1039 3667 1196 3739 prematur

153 3730 264 3807 dtrbio,
286 3737 344 3794 nisi
370 3755 405 3796 ex
428 3735 616 3798 transitibus
648 3735 811 3811 indirectis
835 3734 951 3817 speeies
980 3735 1195 3818 dijudicentur.

154 3813 351 3878 -Tondem
368 3819 437 3883 duae
459 3819 545 3890 haud
570 3824 683 3886 notato
703 3828 736 3881 ut
760 3819 932 3884 admodum
954 3819 1147 3882 illustrantes
1163 3842 1193 3880 a·

154 3898 298 3956 1¹0¹t¹³liae
316 3901 485 3976 addendes
500 3907 530 3980 1)
544 3903 717 3990 ⁴prasina,
740 3904 830 3984 eujus
860 3913 966 3963 crusta
988 3915 1033 3966 est
1053 3910 1193 3990 primitus

37 4025 65 4045 .,
140 3977 310 4058 ,ipsissima
331 3980 504 4048 himma
523 3981 732 4074 botryor'des,
750 3985 936 4084 upotliecia.
961 3981 1046 4052 disco
1072 4007 1192 4075 prorsus
