2470 4602
411 239 664 312 Perimula·
825 299 829 307 ,
994 253 1109 326 101,

35 408 92 506 glia
115 409 355 486 ad·Tauriam
370 389 579 500 brivensi,
616 437 641 492 a
662 409 775 488 Cadin
797 415 983 510 Danae!
1005 411 1084 496 'adi
1111 435 1113 444 ’

34 511 199 598 Sueciam,
235 515 345 612 inque
380 513 524 612 alpibus
559 513 790 612 Carpatlticis
832 517 1059 604 Wahlenb.,

31 613 174 686 Vallisiae
201 617 410 688 Sebae'rer!
450 614 650 688 Cariutlriae
674 619 851 691 Laurerl
888 616 1073 718 Pyrenae,

30 740 117 786 urum
141 699 473 815 Montaglnelffl.

103 815 235 878 Thallus
256 817 441 878 normaliter
464 838 481 876 e
502 821 641 900 squamis
652 819 803 897 soliacus,
823 829 1059 892 tartareo-cru·

30 901 131 975 storeis,
152 900 385 980 irregulariter
403 899 579 962 imbricatis
606 905 955 985 comminuerentur
983 923 1060 962 vero

30 983 150 1061 squamii
173 982 435 1044 adscendentibus
462 985 667 1066 complicatis.
709 983 925 1070 Hypothallus
958 988 1059 1066 niger.

29 1063 187 1144 Apotheeia
205 1085 267 1150 pro
289 1069 410 1126 ratione
431 1070 565 1146 minora,
587 1089 672 1129 nunc
692 1068 812 1151 pallide
823 1067 958 1144 luteola,
975 1086 1060 1128 nunc

28 1148 190 1227 rusululra,
213 1169 299 1210 nunc
318 1149 537 1230 lusco-nigra3
568 1154 601 1212 in
632 1171 744 1231 genere
766 1161 871 1213 tamen
902 1155 935 1212 in
961 1159 1059 1212 te’sta-

29 1249 104 1290 ceum
124 1241 259 1312 vergunt
275 1233 433 1308 colorem3
452 1253 562 1314 margo
582 1237 741 1296 rarissime
762 1235 954 1313 excluditur,
963 1252 1058 1300 num-

28 1333 109 1393 quam
127 1335 204 1378 vcro
225 1318 260 1376 in
280 1315 340 1378 lrac
358 1316 495 1378 vidimus
523 1320 641 1404 prioris
659 1320 844 1403 excipulum
870 1318 1058 1382 coloratum.

29 1447 77 1542 94·
98 1449 346 1529 PARMELIA
373 1481 594 1551 gypeacea,
630 1454 746 1528 thallo
777 1477 896 1527 crasso
921 1459 1058 1534 crusta-

69 1577 125 1624 ceo
150 1555 312 1627 ereolato
337 1555 575 1654 pallescente,
596 1557 729 1630 areolis
754 1555 903 1629 demum
928 1576 1058 1624 conca·

68 1653 119 1724 vis
143 1657 467 1754 albomnrgiuatis,
497 1657 654 1732 ambitus
682 1654 995 1738 radiosa-Iobatis,
1020 1677 1059 1726 a·

67 1755 240 1852 putheolis
264 1751 455 1858 depressis,
475 1757 574 1832 disco
599 1759 773 1858 primitus
786 1753 968 1858 pruinato'¹
981 1775 1058 1826 sor-

69 1857 149 1928 dide
176 1857 330 1958 pallido,
356 1861 519 1958 margine
547 1860 708 1935 thallode
746 1859 901 1932 tumido.

67 1949 169 2021 Mtblt.
187 1951 273 2041 gen.
295 1966 318 2020 t.
341 1966 394 2032 51.
411 1955 765 2044 1‘.1.1ich.fragilis.
790 1954 889 2042 Scep.
918 1955 1056 2034 (Intar-

100 2050 215 2102 tareus.
250 2037 368 2105 Wul.
397 2063 440 2104 ea·
469 2065 541 2132 ayn.
560 2051 595 2106 et
616 2039 723 2106 deser.
753 2043 819 2106 cn.
837 2059 928 2124 aequ.
959 2039 1058 2099 Psora

98 2127 213 2187 celata.
242 2121 307 2186 Ho
340 2147 385 2190 m.
411 2123 558 2208 Germe)
575 2127 682 2192 Lecid.
703 2123 792 2188 Aet
817 2125 852 2186 L.
871 2141 1057 2206 ¹gypsnceus.

101 2203 224 2274 Smilla.
246 2208 283 2272 in
342 2220 491 2286 ransart.
514 2208 618 2274 Lina.
644 2205 720 2272 Soc.
745 2221 775 2280 1.
793 2229 830 2295 p.
850 2217 904 2278 81.
925 2214 948 2268 t.
968 2211 1000 2275 4.
1021 2197 1057 2287 f.

98 2301 128 2365 2·
149 2294 240 2356 Lich.
273 2290 354 2358 dein
376 2297 480 2358 Lecid.
505 2291 641 2358 demum
666 2297 777 2356 Lecan.
810 2290 940 2354 Smithii
967 2285 1056 2352 Aet.

99 2377 270 2460 (incompl,
292 2380 359 2451 fere
373 2382 506 2461 anceps).
526 2379 723 2462 Squamaria·
744 2373 832 2439 Dec.

109 2479 153 2551 In
181 2479 336 2580 rupibus
368 2479 603 2566 editioribus,
639 2480 823 2578 praecipue
860 2473 1059 2574 gypsaeeis,
1107 2539 1110 2544 .

29 2577 194 2679 Hispaniae
223 2581 403 2680 usquead
427 2584 538 2656 cadiz
560 2583 742 2681 Dusour!
751 2633 765 2670 ,
796 2577 1058 2676 Pyrenaeorum
1159 2659 1162 2675 ‚

29 2685 262 2780 Montagnel,
299 2682 429 2760 Galliae
458 2683 730 2762 meridionalis,
758 2677 948 2754 Sabaudiae
970 2681 1060 2748 Pre-

30 2787 133 2872 voet!‚
163 2783 282 2854 ltalia
309 2785 438 2876 Aret,
473 2785 621 2885 Tyrolis
646 2781 848 2858 Sctnbert!
882 2777 975 2877 (pro
999 2777 1058 2849 Pi.
1120 2771 1122 2778 ’
1184 2807 1187 2818 =

30 2883 160 2984 calata)
184 2883 351 2960 Vallisiae
376 2891 624 2978 Schleiclzerl,
657 2881 834 2958 Helvetiae
867 2881 908 2952 in
937 2878 1058 3009 Pilato

29 2979 86 3058 tre.
111 2987 322 3060 Schaererl

103 3085 282 3170 specimina
301 3087 445 3174 undique
462 3090 559 3152 allata
581 3087 692 3148 faciem
712 3103 731 3145 a
753 3083 875 3166 priori,
896 3081 999 3166 qualis
1020 3091 1058 3140 a·⁸

29 3166 82 3246 pud
100 3189 153 3229 nos
173 3172 335 3251 nascitur,
367 3173 522 3234 diversam
553 3177 726 3232 monstrant
755 3167 789 3233 ὅτ
819 3169 927 3252 potius
953 3164 1007 3233 illi,
1025 3156 1060 3222 ἃ

29 3255 152 3332 sequenti
173 3252 310 3332 affinem,
326 3257 517 3320 evolationis
534 3260 614 3320 serie
632 3255 822 3335 analogum,
849 3269 946 3333 quam
967 3246 1059 3306 ideu-

29 3334 106 3394 ticam
135 3340 271 3418 speciem
307 3340 452 3400 indicant.
496 3340 554 3402 Est
577 3341 660 3401 enim
687 3337 844 3401 'haetenus
872 3343 999 3426 tanturn
1018 3325 1060 3386 ud

30 3420 183 3494 specimina
204 3419 380 3482 deformata
401 3427 612 3486 vetustissima
643 3423 823 3507 descripta5
849 3435 885 3478 ex
915 3429 1060 3476 ommam

29 3507 139 3560 etatum
157 3505 238 3564 serie
253 3495 365 3567 ‘verum
385 3527 449 3567 esse
473 3507 661 3570 Placodium
692 3516 801 3568 centro
825 3499 1060 3563 areolato-rer-

28 3595 136 3661 ῒῑῑῦοεο,
152 3585 277 3648 ambitu
297 3592 629 3674 squamoso-foliaceo,
651 3591 772 3652 laciniis
789 3578 1060 3651 sinuato-lobatis,

30 3659 190 3727 luculenter
212 3681 308 3752 putet.
357 3673 478 3736 Areolae
505 3677 659 3736 centrales
677 3675 827 3758 primitus
850 3666 978 3725 omnino
1002 3659 1060 3719 ad·-

31 3755 104 3824 natee‚
124 3753 388 3834 verrucaeformes‚
411 3760 547 3818 intense
571 3761 737 3837 contigua,
759 3747 976 3814 vetustissima
989 3753 1060 3840 tan-

31 3832 88 3888 lum
108 3829 438 3920 elevato-marginata,
460 3838 513 3902 sed
536 3860 645 3919 mergo
678 3843 710 3900 in
734 3840 784 3900 his
813 3837 990 3912 numquam
1008 3847 1060 3922 nr·-

31 3917 129 3984 itetcit
151 3925 187 3976 ut
208 3920 241 3980 in
261 3923 373 4005 priori.
416 3925 592 4009 Apothecia
620 3927 653 3983 in
676 3917 856 4004 junioribus
884 3916 917 3974 in
946 3909 1061 4006 areolis

30 3987 150 4081 detrun,
169 4018 315 4084 concava,
324 4010 466 4088 margine
487 4007 631 4078 thellodc
652 3999 985 4084 obtusisrino‚saepius
1007 3991 1061 4060 bt·
