2436 4594
167 277 236 352 343
553 267 846 336 ‚usmrnrcnum

165 451 220 526 ;ii1,
242 467 280 510 ne
302 445 405 508 dicam
425 437 533 524 supra
562 447 698 503 'stratum
719 439 870 504 cortitale
891 433 1077 519 foimontur,
1094 443 1194 524 excipu-

174 533 209 594 lo
230 553 247 594 e
271 530 375 592 thallo
404 526 515 587 deusto
555 527 622 586 fere
655 535 746 602 orto,
780 536 851 585 natu
886 527 1015 610 quando
1043 525 1195 608 podicellutr

175 625 260 692 sunt,
269 612 448 696 podicellus
462 631 478 669 e
491 607 666 668 substantia
678 607 773 668 thalli
794 612 924 684 omnino
938 611 1088 670 formatus
1100 609 1195 682 estoit.

169 699 301 760 Schaer.
326 694 397 758 Exs.
421 717 453 758 ιι.
479 695 749 773 menumquam
781 695 816 753 iu
838 692 965 754 Calioiis
993 703 1051 754 aut
1080 693 1196 764 chideis]

172 779 364 845 &subinde
392 798 501 858 margo
523 775 682 836 tlrallodes
703 777 864 858 persistit3
898 775 972 837 vide
1007 776 1127 838 Schaer.
1147 775 1197 834 Eis

171 871 297 942 n.154,
321 863 429 932 saltim
457 863 488 920 in
514 881 586 920 meo
604 861 787 942 exemplari.
831 859 899 936 llere.
909 863 1045 938 ratione,
1063 859 1162 919 additis
1173 879 1196 914 a·

171 949 328 1041 potheciis
349 944 654 1028 primituslclausis,
689 965 752 1004 non
782 943 895 1004 desunt
928 947 1068 1006 rationes
1091 943 1197 1022 horge-

168 1031 231 1098 'uirs
256 1049 387 1116 quoque
410 1026 612 1110 comparandi
639 1043 714 1086 cum
728 1026 1014 1104 “Parmeliis,inter
1039 1047 1113 1108 quas
1130 1029 1197 1086 enan

167 1117 265 1180 'thalli
292 1121 413 1174 statura
437 1111 719 1194 proximoeformae
743 1126 916 1192 margoque
961 1109 1140 1189 denigratus
1162 1129 1196 1166 or

166 1209 317 1264 currunt.
350 1229 391 1240 -
425 1195 539 1256 Potius
566 1211 662 1275 quam
691 1193 752 1254 hoc
775 1195 1101 1276 genus'inte'rplurn
1121 1193 1197 1272 dispe

169 1301 301 1358 soerem,
324 1297 396 1341 cum
419 1279 484 1340 Cel.
503 1279 638 1358 'Meyero
661 1279 823 1357 integrum
844 1278 886 1339 ad
908 1276 1059 1339 Lecideas
1081 1283 1116 1335 ut
1131 1255 1208 1338 aber-l

168 1372 323 1434 rttiooem
345 1362 520 1446 apotheciis
543 1361 782 1423 luxuriantibus
803 1361 969 1437 referrem,
990 1373 1026 1422 at
1046 1372 1115 1422 tum
1133 1363 1197 1420 alian

169 1448 460 1536 Opegraphaseum
484 1443 631 1506 ›Leeideis
654 1446 888 1528 conjungerem.
912 1443 1197 1528 Cfr.·0pcgraphau

166 1535 345 1620 Apothecia
368 1529 463 1610 huius
493 1529 623 1609 generis.
647 1530 922 1611 gyroso-plicota,
949 1533 976 1591 si
995 1532 1127 1610 atypiea
1144 1530 1196 1586 iuer

166 1621 316 1686 Liclrcnes
337 1635 400 1675 eme
424 1612 614 1688 concessero,
639 1613 672 1672 iu
704 1611 766 1673 hoc
793 1629 907 1694 genere
928 1633 988 1672 uon
1014 1631 1140 1693 possum
1160 1629 1196 1668 nu

165 1726 227 1792 pro
250 1697 447 1762 normalibus
465 1693 605 1768 habere3
634 1715 705 1756 nam
730 1715 799 1755 meo
822 1715 913 1756 sensu
934 1698 967 1758 id
989 1695 1081 1780 quod
1104 1699 1134 1754 in
1152 1692 1195 1776 plr

164 1791 272 1870 risque
292 1802 414 1862 semper
442 1788 584 1840 constans
607 1789 664 1855 est,
686 1777 838 1840 abnorme
862 1779 925 1838 dici
946 1802 1009 1840 uon
1033 1788 1144 1860 potest.
1173 1773 1195 1830 ll

165 1889 238 1932 cum
260 1859 666 1926 Umbilicariae'sectionem
695 1861 775 1921 bene
797 1861 964 1922 discretam
987 1863 1143 1938 efficiunt,
1155 1875 1195 1918 ers·

166 1955 238 2015 dam
264 1957 441 2033 proponere
480 1955 516 2004 ut
547 1945 823 2028 peculiare'genus
840 1943 1195 2027 praertcaenichenologir

162 2036 282 2102 linibus
306 2034 426 2114 optime
447 2032 610 2090 convenit.
647 2025 703 2088 Est
731 2030 892 2112 quoddam
931 2033 963 2092 in
997 2030 1152 2104 scientiis,
1176 2029 1195 2080 ut

163 2118 301 2194 artibus,
322 2115 464 2174 studium
486 2113 641 2197 putidius,
661 2116 816 2192 correcti,
854 2114 937 2194 justo
967 2119 1073 2194 magis
1106 2113 1145 2176 od
1165 2129 1195 2171 rr

163 2203 256 2300 gulap
271 2200 379 2265 stricti
415 2191 448 2258 ἃ
468 2199 512 2264 ad
530 2206 723 2280 praeceptum
754 2201 885 2276 genium
917 2200 1134 2278 accomodari,
1157 2213 1195 2278 qu

161 2305 297 2370 genuina
320 2285 437 2342 veritas
460 2276 493 2342 ὅτ
513 2282 620 2340 nativa
639 2277 851 2362 pulchritudo
881 2283 914 2344 in
938 2281 1062 2347 horum
1085 2284 1194 2344 favorem

162 2369 323 2456 perditur.
366 2365 538 2428 Charaerer
560 2385 586 2427 s·
617 2365 710 2434 litera
747 2364 875 2444 occidit,
909 2369 1047 2448 spiritus
1081 2367 1193 2428 vivifiat

160 2457 224 2530 Nos
248 2449 398 2512 methodo
421 2449 629 2530 carpologicce
664 2448 805 2510 faventes
834 2447 996 2512 fastidiose
1032 2454 1127 2512 nimis
1145 2467 1193 2528 sep

160 2538 349 2618 despicimus
373 2536 404 2593 in
427 2532 609 2610 thallinam,
635 2533 729 2591 nescii
754 2554 825 2614 quae
839 2535 991 2596 solidiora
1016 2534 1193 2595 fundamen

159 2619 384 2701 dispositionis,
418 2625 497 2677 teste
527 2613 678 2676 hodierna
706 2614 947 2679 Cruciferarum
982 2617 1193 2684 reformatione,

157 2715 330 2784 utromque
353 2701 460 2762 forsan
479 2701 577 2778 magis
597 2698 811 2777 conciliantia,
823 2701 939 2762 datura
954 2706 994 2764 sit
1010 2703 1082 2762 dies
1102 2705 1192 2762 futura

159 2785 365 2848 Percurrenti
396 2784 488 2845 milri·
509 2793 647 2842 veterem
679 2781 844 2846 Botaoices
869 2785 1076 2848 literaturam
1099 2793 1191 2846 senten

156 2873 236 2932 tiam
259 2888 383 2942 eorum,
404 2865 518 2950 quide
544 2865 683 2944 aliorum
715 2865 955 2948 divergentibus
985 2857 1192 2954 apodictica&

77 2997 80 3004 ·
158 2971 268 3034 aspere
296 2951 490 3031 judicarunt,
525 2949 638 3030 sepius
669 2956 894 3030 aposteritate
925 2953 1091 3036 explosam
1124 2953 1191 3012 fuiss

155 3054 346 3116 sensumque
369 3034 526 3094 naturalis
553 3029 676 3108 minus,
699 3055 796 3114 quom
831 3035 983 3098 abstracti
1006 3035 1192 3098 reflexionem

155 3118 312 3180 seduxisse
344 3120 447 3178 visum
472 3128 528 3178 est.
572 3115 796 3197 Principium,
832 3119 920 3202 quod
949 3121 1093 3182 alterum
1126 3137 1191 3178 secu·

153 3205 224 3266 lum
246 3212 282 3260 ut
307 3221 466 3260 summum
490 3193 749 3262 &irrefutabile
774 3203 935 3280 laudarit,
962 3205 1105 3266 alterum
1127 3201 1191 3264 iltius

152 3287 352 3370 precipuum
375 3285 475 3346 fuisse
497 3303 638 3344 errorem
669 3287 799 3363 inuenit.
842 3285 976 3348 Exstant
998 3310 1073 3352 sune
1089 3298 1134 3348 tot
1150 3303 1190 3362 ap·

153 3371 403 3456 proximatioues
423 3367 464 3428 ad
485 3363 715 3429 Umhilicarias
743 3371 825 3430 inter
848 3365 978 3432 Stictas
1007 3395 1038 3432 v.
1061 3391 1090 3431 c.
1110 3365 1188 3432 Deti-

151 3473 213 3514 eea
234 3449 313 3512 Fer!
337 3445 371 3512 ἃ
396 3451 571 3512 Parmelias
587 3447 616 3508 νζ
638 3475 665 3518 c.
687 3449 918 3532 Umbilioatas,
946 3455 1041 3516 uobis
1068 3457 1188 3516 exoticas

151 3537 283 3604 collatas
313 3556 388 3598 cum
422 3531 462 3598 U.
484 3535 747 3616 atropruinooa,
765 3547 802 3596 ut
825 3559 888 3602 nou
910 3558 1042 3618 prorsus
1066 3539 1187 3620 impossi-

152 3617 220 3680 bile
242 3622 284 3678 sit
303 3629 445 3701 posteros
477 3623 666 3682 inventuros
699 3643 763 3686 esse
802 3615 1049 3686 Umlriticorrizr
1071 3621 1185 3682 medium

152 3705 236 3764 iuter
258 3699 324 3762 haee
343 3722 457 3780 genera
490 3705 523 3762 in
549 3703 631 3766 serie
660 3719 781 3768 nature
809 3716 913 3766 tenere
945 3707 1130 3768 evolationis
1151 3703 1184 3761 lo·

151 3806 225 3850 oum
246 3778 279 3844 Gt
299 3805 318 3844 a
338 3785 439 3848 Sticta
458 3781 645 3865 differrant
666 3785 823 3852 [acideo
843 3809 862 3848 a
879 3783 1045 3866 Biotora‚
1066 3791 1113 3850 cui
1133 3785 1182 3844 Sti·

148 3879 200 3930 eta
224 3877 333 3948 aperte
354 3872 484 3932 accedit.
528 3869 571 3930 At
603 3863 717 3936 exindo
746 3871 897 3934 thalliste
928 3895 990 3934 nou
1019 3881 1138 3956 poscant
1156 3879 1182 3926 ul

148 3951 341 4030 corpologici
382 3955 414 4011 in
455 3971 566 4014 eorum
603 3967 725 4040 partem
768 3963 984 4030 transeamus,
1020 3959 1179 4040 priusquam

147 4033 226 4117 hac)
246 4031 414 4096 methodus
442 4033 588 4100 solidiori
616 4039 699 4119 nlo,
726 4059 824 4130 quam
853 4039 950 4104 thalli
972 4045 1089 4118 forma,
1111 4033 1178 4098 dele·
