2546 4610
287 295 291 304 ’
334 287 495 390 Genesis
521 281 745 366 [richerium.
1016 289 1102 370 LV}

47 475 224 573 originem
234 469 444 571 Liuianum
474 469 724 576 per's'puridia
750 457 1011 552 exacte'talerlr
1040 477 1097 552 vi·

51 578 147 662 disse,
169 578 316 678 qualem
336 603 461 651 eorum
483 581 754 676 generationem
779 579 1096 676 originariamrde·

52 681 171 752 scribit
192 671 426 758 acutissimus
443 682 523 764 Vir,
551 694 602 764 nt,
623 682 653 752 si
673 681 910 779 experientiae
931 707 1021 754 meae
1035 683 1096 754 in·

53 781 219 878 dulgeam
244 781 353 856 facile
379 777 644 854 concluderem
668 784 780 855 etiam
806 781 894 855 hnic
929 783 1096 884 sporidia
1151 867 1155 888 ‚

59 881 227 957 subfuisse.
279 883 429 976 Duplici
449 885 599 956 ratione
614 882 800 964 observari
826 899 946 983 potest
963 885 1097 958 Licha·

56 1007 129 1056 nura
154 988 368 1085 propagatio
397 1007 472 1085 per·
486 985 672 1084 spuridia:
690 986 746 1059 vel
774 991 911 1076 active,
928 988 1095 1086 sporidia

52 1084 312 1161 disseminando
343 1085 384 1160 &
412 1088 662 1184 experimenta
690 1087 894 1186 dirigendo,
920 1085 979 1161 vel
1002 1117 1097 1186 pas-
1148 1099 1153 1107 “

51 1191 134 1278 sice,
152 1213 331 1263 aurorum
346 1189 625 1263 individuarum
642 1203 763 1262 ortum
792 1191 831 1262 in
849 1191 1012 1264 matricis
1042 1192 1095 1266 r‘ir·

51 1290 135 1364 cinia
159 1292 424 1392 persequendo.
481 1291 551 1363 Illa
586 1294 799 1376 rrecessaria
838 1292 957 1366 donec
986 1293 1096 1392 plane

48 1393 194 1466 eristum
219 1409 301 1466 erat
316 1393 485 1492 'sporidia
515 1395 719 1492 germinare
744 1393 783 1468 &
800 1393 1000 1492 ⁸individua
1029 1395 1096 1471 hac

51 1495 100 1566 vis
122 1509 197 1568 orta
228 1495 285 1568 ab'
302 1497 385 1591 aliis
407 1496 566 1580 discerni
592 1521 718 1596 posse;
732 1495 821 1570 urea
846 1496 989 1580 facilior
1014 1497 1098 1596 ple·

54 1597 120 1668 nius
143 1599 189 1671 ad
215 1609 352 1670 metam
370 1595 494 1689 ducit,
517 1623 599 1688 curu
628 1621 673 1672 ex
706 1623 753 1669 ea
781 1599 985 1672 normalem
1010 1623 1097 1673 evo.-

52 1694 226 1772 lntionem
244 1701 378 1773 melius
404 1699 513 1799 vulgo
538 1700 817 1798 comperiamus.
870 1699 940 1776 Sed
965 1713 1001 1774 et
1018 1703 1096 1802 pri·

50 1825 83 1869 ur
108 1805 229 1876 minus
260 1793 426 1877 difficilis
444 1817 516 1887 est,
531 1825 640 1900 quam
669 1800 716 1873 ob
740 1803 987 1902 spuridiorum
1009 1802 1097 1876 subr-
1171 1787 1176 1812 '

50 1901 210 1978 tilitatem
241 1907 366 2003 primo
394 1905 560 1978 crederes
583 1903 725 1988 obtutu,
751 1906 782 1978 si
810 1904 1095 1978 laminarmatu·
1140 1907 1145 1917 ”

47 2029 80 2075 ra
103 2021 310 2080 maceratur
343 2009 381 2078 iu
408 2033 503 2106 aqna
532 2031 635 2105 pura,
667 2031 749 2106 quae
774 2007 873 2080 :dein
897 2007 979 2105 loco
1013 2006 1096 2082 idos

46 2129 106 2178 neo
129 2124 240 2182 caute
272 2109 492 2182 effundatur.
551 2107 720 2208 Speridia
750 2110 993 2207 germinantia
1016 2135 1096 2182 om·

46 2208 123 2280 nino
148 2225 188 2282 ut
215 2213 263 2285 irn'
284 2209 436 2310 reliquis
476 2209 735 2284 Honrouemeis
769 2213 808 2283 in
843 2212 915 2286 tila·
945 2211 1096 2312 prolum

46 2326 185 2405 gantur,
221 2311 282 2384 vel
322 2314 512 2386 matricem
547 2313 741 2398 intrantia,
776 2313 835 2388 vel
870 2314 994 2388 eidem
1027 2314 1095 2389 adr

48 2437 177 2508 pressa.
210 2416 520 2489 ariastomosantia
546 2415 680 2512 saepius
718 2429 816 2488 arcte
844 2413 1121 2514 conglutinata

52 2516 101 2586 ria
123 2515 382 2601 discernenda,
417 2541 513 2616 saepe
549 2517 743 2601 radiantia,
770 2541 800 2588 e.
823 2541 851 2590 s.
873 2545 909 2617 p.
958 2517 1096 2591 Adulta

53 2613 184 2694 maculae
208 2621 331 2690 ‘instar
360 2619 591 2718 expellentis.
635 2633 697 2690 aut
733 2619 956 2722 nigricantis.
982 2645 1096 2718 appas

49 2733 117 2791 rent
145 2717 203 2794 vel
229 2722 270 2792 in
301 2720 492 2818 pulverem
526 2719 701 2794 subtilem
737 2720 911 2820 collapsa.
968 2721 1021 2794 Ut
1057 2737 1096 2795 et

48 2822 172 2916 optime
199 2823 327 2922 Meyer
353 2822 436 2895 ”ubi
464 2821 673 2907 confluunt,
702 2822 747 2894 ad
774 2847 907 2896 nevam
924 2861 927 2868 v
946 2823 1096 2922 plantu-

48 2918 111 2994 lam
127 2927 353 2997 accrescent”
367 2922 428 3024 6).
478 2925 565 2998 Haec
590 2938 686 3010 sunt,
706 2949 786 3024 quse
810 2925 993 3026 explicata
1011 2929 1093 3002 vul·
1177 2969 1179 2974 ·

47 3045 310 3072 ·····-·--··-····r·

51 3125 102 3164 nou
122 3127 249 3189 possum
272 3129 332 3168 nou
359 3113 482 3188 testari,
502 3129 552 3170 me
573 3111 753 3170 infimarum
768 3111 952 3190 plantarum
974 3133 1096 3196 propa·

50 3191 204 3268 gatianum,
228 3211 402 3279 quousque
432 3213 553 3276 nempe
581 3193 647 3255 rite
676 3213 729 3254 me
765 3192 974 3256 intellexisse
1000 3203 1094 3278 puto,

51 3275 323 3351 equeuormalem
348 3267 379 3337 &
401 3277 525 3356 legibus
539 3277 702 3339 definitam
727 3297 763 3338 ac
785 3281 867 3350 iuter
889 3280 1096 3362 perfectiores
1161 3307 1164 3316 ¹

51 3353 158 3436 plautas
182 3360 347 3436 iuvenisse.
465 3359 471 3369 ”
575 3413 579 3424 ,
820 3371 821 3376 ’
1084 3387 1088 3392 ’

88 3440 119 3518 6)
138 3439 202 3500 cfr.
225 3451 370 3504 ceterum
392 3444 503 3524 Meyer
523 3443 546 3504 l.
570 3464 595 3504 e.
620 3433 661 3528 pl·
694 3447 762 3509 Hoc
782 3448 852 3532 loco
883 3452 1018 3532 insuper
1036 3437 1096 3509 ad-

59 3517 186 3600 tendum,
209 3537 374 3588 nemetum
391 3529 620 3608 incrementum
641 3529 782 3611 climate,
796 3534 962 3618 temperie,
976 3534 1096 3608 statio*

61 3599 156 3666 redte.
185 3607 359 3670 admodum
390 3613 584 3694 temperari,
613 3612 692 3676 adeo
722 3627 760 3676 ut
787 3636 866 3699 saepe
895 3635 1024 3698 quoque
1060 3617 1094 3676 in

62 3687 218 3751 saturione
242 3691 422 3756 subsistant.
466 3696 551 3755 Dum
574 3695 644 3756 aliae
672 3701 789 3780 species
814 3722 843 3761 v.
867 3720 892 3760 c.
919 3693 1076 3758 Parmel'

58 3761 197 3845 plumbea
218 3771 251 3836 δι
275 3771 428 3840 Bz'atora
450 3776 604 3843 vernaus
633 3784 676 3855 (in
707 3793 828 3861 genere
845 3780 962 3865 species
987 3779 1095 3864 hypo·
1137 3829 1142 3839 Ι

56 3846 142 3912 1110110
160 3860 341 3938 insigniori)
359 3861 453 3922 citius
471 3861 686 3944 explicantur,
717 3865 797 3941 alia,
829 3867 989 3948 praecipue
1010 3868 1096 3926 sani·

54 3932 127 4012 eols,
142 3942 275 4003 tardius.
319 3943 467 4006 Ceterum
491 3957 539 4008 tot
557 3943 751 4008 differentias
773 3949 910 4008 offerunt
922 3943 954 4008 &
965 3959 1026 4008 Ι101
1042 3943 1097 4028 ge-

54 4033 148 4109 nerum
171 4024 276 4087 adhuc
297 4029 414 4106 ignota,
437 4040 474 4088 ut
500 4049 636 4114 preceps
660 4033 742 4090 foret
773 4032 946 4112 pleniorem
969 4035 1095 4114 exposi‘-
1160 4077 1163 4087 .

55 4104 159 4166 tionem
182 4111 367 4190 generalem
397 4113 533 4176 tradere.
573 4114 691 4178 :Multa
718 4117 931 4200 experimenta
964 4135 1096 4202 prorsus

1118 2295 1129 2347 1
