<?xml version="1.0" encoding="UTF-8"?>
<!DOCTYPE html PUBLIC "-//W3C//DTD XHTML 1.0 Transitional//EN"
    "http://www.w3.org/TR/xhtml1/DTD/xhtml1-transitional.dtd">
<html xmlns="http://www.w3.org/1999/xhtml" xml:lang="en" lang="en">
 <head>
  <title>
</title>
<meta http-equiv="Content-Type" content="text/html;charset=utf-8" />
  <meta name='ocr-system' content='tesseract 3.04.00' />
  <meta name='ocr-capabilities' content='ocr_page ocr_carea ocr_par ocr_line ocrx_word'/>
</head>
<body>
  <div class='ocr_page' id='page_1' title='image "./lichenographiae00friegoog_0017.png"; bbox 0 0 2546 4610; ppageno 0'>
   <div class='ocr_carea' id='block_1_1' title="bbox 13 1976 814 2072">
    <p class='ocr_par' dir='ltr' id='par_1_1' title="bbox 13 1976 814 2072">
     <span class='ocr_line' id='line_1_1' title="bbox 13 1976 814 2072; baseline 0.001 -26"><span class='ocrx_word' id='word_1_1' title='bbox 13 2027 21 2036; x_wconf 44' lang='lat'><em>„</em></span> <span class='ocrx_word' id='word_1_2' title='bbox 134 1976 254 2072; x_wconf 81' lang='lat' dir='ltr'><strong><em>jungi</em></strong></span> <span class='ocrx_word' id='word_1_3' title='bbox 268 1981 394 2064; x_wconf 70' lang='lat' dir='ltr'><strong><em>ridere.</em></strong></span> <span class='ocrx_word' id='word_1_4' title='bbox 438 1981 483 2046; x_wconf 90' lang='lat' dir='ltr'><strong><em>In</em></strong></span> <span class='ocrx_word' id='word_1_5' title='bbox 503 2004 698 2070; x_wconf 80' lang='lat' dir='ltr'><strong><em>synonymis</em></strong></span> <span class='ocrx_word' id='word_1_6' title='bbox 723 1985 814 2049; x_wconf 81' lang='lat' dir='ltr'><strong><em>sitan</em></strong></span> 
     </span>
    </p>
   </div>
   <div class='ocr_carea' id='block_1_2' title="bbox 148 229 803 345">
    <p class='ocr_par' dir='ltr' id='par_1_2' title="bbox 148 229 803 345">
     <span class='ocr_line' id='line_1_2' title="bbox 148 229 803 345; baseline 0 -43"><span class='ocrx_word' id='word_1_7' title='bbox 148 229 242 302; x_wconf 78' lang='lat' dir='ltr'><strong><em>xa</em></strong></span> <span class='ocrx_word' id='word_1_8' title='bbox 458 337 461 345; x_wconf 19' lang='grc'>1</span> <span class='ocrx_word' id='word_1_9' title='bbox 601 229 803 320; x_wconf 41' lang='lat' dir='ltr'><strong><em>susmx</em></strong></span> 
     </span>
    </p>
   </div>
   <div class='ocr_carea' id='block_1_3' title="bbox 34 391 1229 4151">
    <p class='ocr_par' dir='ltr' id='par_1_3' title="bbox 34 391 1208 1490">
     <span class='ocr_line' id='line_1_3' title="bbox 146 391 1208 491; baseline 0.007 -25"><span class='ocrx_word' id='word_1_10' title='bbox 146 400 275 490; x_wconf 76' lang='lat' dir='ltr'><strong><em>guium</em></strong></span> <span class='ocrx_word' id='word_1_11' title='bbox 293 421 417 466; x_wconf 87' lang='lat' dir='ltr'><strong><em>namen</em></strong></span> <span class='ocrx_word' id='word_1_12' title='bbox 433 399 475 466; x_wconf 81' lang='lat' dir='ltr'><strong><em>ab</em></strong></span> <span class='ocrx_word' id='word_1_13' title='bbox 485 391 695 487; x_wconf 80' lang='lat' dir='ltr'><strong><em>&#39;genoricum</em></strong></span> <span class='ocrx_word' id='word_1_14' title='bbox 719 415 791 468; x_wconf 85' lang='lat' dir='ltr'><strong><em>non</em></strong></span> <span class='ocrx_word' id='word_1_15' title='bbox 810 409 949 468; x_wconf 77' lang='lat' dir='ltr'><strong><em>tanum</em></strong></span> <span class='ocrx_word' id='word_1_16' title='bbox 976 401 1074 491; x_wconf 88' lang='lat' dir='ltr'><strong><em>apud</em></strong></span> <span class='ocrx_word' id='word_1_17' title='bbox 1097 403 1208 476; x_wconf 70' lang='lat' dir='ltr'><strong><em>tivu-</em></strong></span> 
     </span>
     <span class='ocr_line' id='line_1_4' title="bbox 148 483 1206 574; baseline 0.001 -23"><span class='ocrx_word' id='word_1_18' title='bbox 148 497 206 551; x_wconf 84' lang='lat' dir='ltr'><strong><em>&#39;sas</em></strong></span> <span class='ocrx_word' id='word_1_19' title='bbox 224 483 287 549; x_wconf 87' lang='lat' dir='ltr'><strong><em>sed</em></strong></span> <span class='ocrx_word' id='word_1_20' title='bbox 305 483 450 550; x_wconf 82' lang='lat' dir='ltr'><strong><em>euruiem</em></strong></span> <span class='ocrx_word' id='word_1_21' title='bbox 469 486 577 550; x_wconf 88' lang='lat' dir='ltr'><strong><em>etiam</em></strong></span> <span class='ocrx_word' id='word_1_22' title='bbox 598 485 790 551; x_wconf 78' lang='lat' dir='ltr'><em>Auctorem</em></span> <span class='ocrx_word' id='word_1_23' title='bbox 824 496 876 550; x_wconf 88' lang='lat' dir='ltr'><strong><em>ter</em></strong></span> <span class='ocrx_word' id='word_1_24' title='bbox 905 497 1028 574; x_wconf 84' lang='lat' dir='ltr'><strong><em>quater</em></strong></span> <span class='ocrx_word' id='word_1_25' title='bbox 1053 489 1206 568; x_wconf 73' lang='lat' dir='ltr'><strong><em>varians,</em></strong></span> 
     </span>
     <span class='ocr_line' id='line_1_5' title="bbox 34 567 1206 654; baseline -0.001 -18"><span class='ocrx_word' id='word_1_26' title='bbox 34 585 36 590; x_wconf 85' lang='lat'>&#39;</span> <span class='ocrx_word' id='word_1_27' title='bbox 147 569 322 636; x_wconf 80' lang='lat' dir='ltr'><strong><em>multoties</em></strong></span> <span class='ocrx_word' id='word_1_28' title='bbox 351 578 563 654; x_wconf 76' lang='lat' dir='ltr'><strong><em>repeteretur</em></strong></span> <span class='ocrx_word' id='word_1_29' title='bbox 591 567 696 650; x_wconf 89' lang='lat' dir='ltr'><strong><em>hujus</em></strong></span> <span class='ocrx_word' id='word_1_30' title='bbox 728 567 861 635; x_wconf 86' lang='lat' dir='ltr'><strong><em>nullam</em></strong></span> <span class='ocrx_word' id='word_1_31' title='bbox 891 569 999 636; x_wconf 80' lang='lat' dir='ltr'><strong><em>habui</em></strong></span> <span class='ocrx_word' id='word_1_32' title='bbox 1020 571 1206 650; x_wconf 82' lang='lat' dir='ltr'><strong><em>rationem,</em></strong></span> 
     </span>
     <span class='ocr_line' id='line_1_6' title="bbox 148 648 1206 740; baseline -0.001 -22"><span class='ocrx_word' id='word_1_33' title='bbox 148 651 212 718; x_wconf 88' lang='lat' dir='ltr'><strong><em>sed</em></strong></span> <span class='ocrx_word' id='word_1_34' title='bbox 228 661 365 717; x_wconf 89' lang='lat' dir='ltr'><strong><em>tantum</em></strong></span> <span class='ocrx_word' id='word_1_35' title='bbox 385 651 528 716; x_wconf 88' lang='lat' dir='ltr'><strong><em>nomino</em></strong></span> <span class='ocrx_word' id='word_1_36' title='bbox 549 648 713 740; x_wconf 83' lang='lat' dir='ltr'><strong><em>specifica</em></strong></span> <span class='ocrx_word' id='word_1_37' title='bbox 731 653 845 715; x_wconf 83' lang='lat' dir='ltr'><strong><em>minus</em></strong></span> <span class='ocrx_word' id='word_1_38' title='bbox 866 653 972 718; x_wconf 79' lang='lat' dir='ltr'><strong><em>varia</em></strong></span> <span class='ocrx_word' id='word_1_39' title='bbox 997 654 1110 731; x_wconf 83' lang='lat' dir='ltr'><strong><em>attuli,</em></strong></span> <span class='ocrx_word' id='word_1_40' title='bbox 1144 675 1206 740; x_wconf 84' lang='lat' dir='ltr'><strong><em>quo</em></strong></span> 
     </span>
     <span class='ocr_line' id='line_1_7' title="bbox 142 731 1205 824; baseline 0.002 -26"><span class='ocrx_word' id='word_1_41' title='bbox 142 731 312 824; x_wconf 77' lang='lat' dir='ltr'><strong><em>facilins,</em></strong></span> <span class='ocrx_word' id='word_1_42' title='bbox 334 743 373 796; x_wconf 89' lang='lat' dir='ltr'><strong><em>ut</em></strong></span> <span class='ocrx_word' id='word_1_43' title='bbox 399 734 487 800; x_wconf 77' lang='lat' dir='ltr'><strong><em>mihi</em></strong></span> <span class='ocrx_word' id='word_1_44' title='bbox 508 733 733 822; x_wconf 72' lang='lat' dir='ltr'><strong><em>persuasumr</em></strong></span> <span class='ocrx_word' id='word_1_45' title='bbox 748 734 867 814; x_wconf 82' lang='lat' dir='ltr'><strong><em>haheo,</em></strong></span> <span class='ocrx_word' id='word_1_46' title='bbox 889 735 1205 821; x_wconf 62' lang='lat' dir='ltr'><strong><em>investigabuntur.</em></strong></span> 
     </span>
     <span class='ocr_line' id='line_1_8' title="bbox 148 817 1207 906; baseline -0.004 -20"><span class='ocrx_word' id='word_1_47' title='bbox 148 817 252 886; x_wconf 82' lang='lat' dir='ltr'><strong><em>Illius</em></strong></span> <span class='ocrx_word' id='word_1_48' title='bbox 285 817 436 903; x_wconf 87' lang='lat' dir='ltr'><strong><em>adposui</em></strong></span> <span class='ocrx_word' id='word_1_49' title='bbox 457 819 624 886; x_wconf 78' lang='lat' dir='ltr'><strong><em>Auctoris</em></strong></span> <span class='ocrx_word' id='word_1_50' title='bbox 651 841 781 898; x_wconf 88' lang='lat' dir='ltr'><strong><em>nomen,</em></strong></span> <span class='ocrx_word' id='word_1_51' title='bbox 812 820 874 906; x_wconf 84' lang='lat' dir='ltr'><strong><em>qui</em></strong></span> <span class='ocrx_word' id='word_1_52' title='bbox 900 817 1047 904; x_wconf 88' lang='lat' dir='ltr'><strong><em>speciem</em></strong></span> <span class='ocrx_word' id='word_1_53' title='bbox 1069 820 1207 904; x_wconf 89' lang='lat' dir='ltr'><strong><em>primus</em></strong></span> 
     </span>
     <span class='ocr_line' id='line_1_9' title="bbox 147 901 1207 990; baseline -0.005 -21"><span class='ocrx_word' id='word_1_54' title='bbox 147 901 333 986; x_wconf 69' lang='lat' dir='ltr'><strong><em>descripsit</em></strong></span> <span class='ocrx_word' id='word_1_55' title='bbox 360 909 424 964; x_wconf 87' lang='lat' dir='ltr'><strong><em>aut</em></strong></span> <span class='ocrx_word' id='word_1_56' title='bbox 452 902 519 966; x_wconf 89' lang='lat' dir='ltr'><strong><em>rite</em></strong></span> <span class='ocrx_word' id='word_1_57' title='bbox 548 901 720 984; x_wconf 81' lang='lat' dir='ltr'><strong><em>limitavit,</em></strong></span> <span class='ocrx_word' id='word_1_58' title='bbox 752 902 844 990; x_wconf 85' lang='lat' dir='ltr'><strong><em>quod</em></strong></span> <span class='ocrx_word' id='word_1_59' title='bbox 872 901 1021 982; x_wconf 79' lang='lat' dir='ltr'><strong><em>majoris</em></strong></span> <span class='ocrx_word' id='word_1_60' title='bbox 1042 901 1207 988; x_wconf 79' lang='lat' dir='ltr'><strong><em>ponderis</em></strong></span> 
     </span>
     <span class='ocr_line' id='line_1_10' title="bbox 145 979 1205 1082; baseline -0.006 -30"><span class='ocrx_word' id='word_1_61' title='bbox 145 987 259 1052; x_wconf 70' lang='lat' dir='ltr'><strong><em>orsum</em></strong></span> <span class='ocrx_word' id='word_1_62' title='bbox 278 992 338 1062; x_wconf 84' lang='lat' dir='ltr'><strong><em>est,</em></strong></span> <span class='ocrx_word' id='word_1_63' title='bbox 357 983 462 1072; x_wconf 80' lang='lat' dir='ltr'><strong><em>&#39;quam</em></strong></span> <span class='ocrx_word' id='word_1_64' title='bbox 484 983 560 1082; x_wconf 83' lang='lat' dir='ltr'><strong><em>quis</em></strong></span> <span class='ocrx_word' id='word_1_65' title='bbox 576 979 733 1068; x_wconf 84' lang='lat' dir='ltr'><strong><em>fortuito</em></strong></span> <span class='ocrx_word' id='word_1_66' title='bbox 749 982 970 1074; x_wconf 82' lang='lat' dir='ltr'><strong><em>primus,suh</em></strong></span> <span class='ocrx_word' id='word_1_67' title='bbox 991 984 1061 1048; x_wconf 83' lang='lat' dir='ltr'><strong><em>hoc</em></strong></span> <span class='ocrx_word' id='word_1_68' title='bbox 1085 983 1139 1047; x_wconf 79' lang='lat' dir='ltr'><strong><em>vel</em></strong></span> <span class='ocrx_word' id='word_1_69' title='bbox 1161 984 1205 1047; x_wconf 81' lang='lat' dir='ltr'><strong><em>ii-</em></strong></span> 
     </span>
     <span class='ocr_line' id='line_1_11' title="bbox 66 1067 1206 1152; baseline 0 -22"><span class='ocrx_word' id='word_1_70' title='bbox 66 1078 69 1084; x_wconf 85' lang='lat'>&#39;</span> <span class='ocrx_word' id='word_1_71' title='bbox 146 1069 180 1136; x_wconf 87' lang='lat' dir='ltr'><strong><em>lo</em></strong></span> <span class='ocrx_word' id='word_1_72' title='bbox 210 1067 346 1140; x_wconf 78' lang='lat' dir='ltr'><strong><em>nomine</em></strong></span> <span class='ocrx_word' id='word_1_73' title='bbox 371 1087 535 1152; x_wconf 79' lang='lat' dir='ltr'><strong><em>genertco</em></strong></span> <span class='ocrx_word' id='word_1_74' title='bbox 566 1067 751 1136; x_wconf 77' lang='lat' dir='ltr'><strong><em>collocarit.</em></strong></span> <span class='ocrx_word' id='word_1_75' title='bbox 801 1067 959 1132; x_wconf 77' lang='lat' dir='ltr'><em>Nomina</em></span> <span class='ocrx_word' id='word_1_76' title='bbox 994 1067 1206 1151; x_wconf 85' lang='lat' dir='ltr'><strong><em>compilatio-</em></strong></span> 
     </span>
     <span class='ocr_line' id='line_1_12' title="bbox 144 1146 1206 1240; baseline -0.006 -20"><span class='ocrx_word' id='word_1_77' title='bbox 144 1174 229 1220; x_wconf 79' lang='lat' dir='ltr'><strong><em>num</em></strong></span> <span class='ocrx_word' id='word_1_78' title='bbox 246 1148 474 1240; x_wconf 82' lang='lat' dir='ltr'><strong><em>quarundam,</em></strong></span> <span class='ocrx_word' id='word_1_79' title='bbox 503 1173 596 1238; x_wconf 84' lang='lat' dir='ltr'><strong><em>quas·</em></strong></span> <span class='ocrx_word' id='word_1_80' title='bbox 615 1173 712 1217; x_wconf 88' lang='lat' dir='ltr'><strong><em>nemo</em></strong></span> <span class='ocrx_word' id='word_1_81' title='bbox 731 1151 882 1240; x_wconf 82' lang='lat' dir='ltr'><strong><em>amplius</em></strong></span> <span class='ocrx_word' id='word_1_82' title='bbox 906 1159 1018 1228; x_wconf 81' lang='lat' dir='ltr'><strong><em>curat,</em></strong></span> <span class='ocrx_word' id='word_1_83' title='bbox 1038 1159 1078 1212; x_wconf 92' lang='lat' dir='ltr'><strong><em>ut</em></strong></span> <span class='ocrx_word' id='word_1_84' title='bbox 1101 1146 1206 1214; x_wconf 87' lang='lat' dir='ltr'><strong><em>Gme·</em></strong></span> 
     </span>
     <span class='ocr_line' id='line_1_13' title="bbox 143 1231 1206 1321; baseline -0.004 -19"><span class='ocrx_word' id='word_1_85' title='bbox 143 1233 211 1302; x_wconf 85' lang='lat' dir='ltr'><strong><em>lini</em></strong></span> <span class='ocrx_word' id='word_1_86' title='bbox 223 1233 383 1300; x_wconf 84' lang='lat' dir='ltr'><strong><em>editionis</em></strong></span> <span class='ocrx_word' id='word_1_87' title='bbox 406 1231 613 1318; x_wconf 84' lang='lat' dir='ltr'><strong><em>Systematis</em></strong></span> <span class='ocrx_word' id='word_1_88' title='bbox 631 1245 779 1314; x_wconf 84' lang='lat' dir='ltr'><strong><em>naturae,</em></strong></span> <span class='ocrx_word' id='word_1_89' title='bbox 801 1253 949 1321; x_wconf 88' lang='lat' dir='ltr'><strong><em>prorsus</em></strong></span> <span class='ocrx_word' id='word_1_90' title='bbox 981 1231 1091 1310; x_wconf 77' lang='lat' dir='ltr'><strong><em>omisi,</em></strong></span> <span class='ocrx_word' id='word_1_91' title='bbox 1128 1253 1206 1298; x_wconf 88' lang='lat' dir='ltr'><strong><em>cum</em></strong></span> 
     </span>
     <span class='ocr_line' id='line_1_14' title="bbox 143 1313 1205 1406; baseline -0.008 -20"><span class='ocrx_word' id='word_1_92' title='bbox 143 1318 281 1386; x_wconf 85' lang='lat' dir='ltr'><strong><em>Auctor</em></strong></span> <span class='ocrx_word' id='word_1_93' title='bbox 300 1315 321 1379; x_wconf 87' lang='lat' dir='ltr'><strong><em>i</em></strong></span> <span class='ocrx_word' id='word_1_94' title='bbox 342 1339 379 1382; x_wconf 88' lang='lat' dir='ltr'><strong><em>se</em></strong></span> <span class='ocrx_word' id='word_1_95' title='bbox 406 1315 571 1402; x_wconf 62' lang='lat' dir='ltr'><strong><em>phantom</em></strong></span> <span class='ocrx_word' id='word_1_96' title='bbox 589 1341 706 1406; x_wconf 52' lang='lat' dir='ltr'><strong><em>,quam</em></strong></span> <span class='ocrx_word' id='word_1_97' title='bbox 731 1321 868 1402; x_wconf 86' lang='lat' dir='ltr'><strong><em>nomine</em></strong></span> <span class='ocrx_word' id='word_1_98' title='bbox 897 1339 958 1380; x_wconf 87' lang='lat' dir='ltr'><strong><em>suo</em></strong></span> <span class='ocrx_word' id='word_1_99' title='bbox 985 1313 1205 1401; x_wconf 79' lang='lat' dir='ltr'><strong><em>designaret,</em></strong></span> 
     </span>
     <span class='ocr_line' id='line_1_15' title="bbox 144 1337 676 1490; baseline 0 -24"><span class='ocrx_word' id='word_1_100' title='bbox 144 1401 275 1488; x_wconf 78' lang='lat' dir='ltr'><strong><em>sapius</em></strong></span> <span class='ocrx_word' id='word_1_101' title='bbox 287 1337 425 1486; x_wconf 63' lang='lat' dir='ltr'><strong><em>Jiirsan</em></strong></span> <span class='ocrx_word' id='word_1_102' title='bbox 448 1399 676 1490; x_wconf 79' lang='lat' dir='ltr'><strong><em>ignoraverit.</em></strong></span> 
     </span>
    </p>

    <p class='ocr_par' dir='ltr' id='par_1_4' title="bbox 100 1479 1205 1876">
     <span class='ocr_line' id='line_1_16' title="bbox 231 1479 1205 1575; baseline -0.002 -27"><span class='ocrx_word' id='word_1_103' title='bbox 231 1483 389 1548; x_wconf 82' lang='lat' dir='ltr'><strong><em>Ceterum</em></strong></span> <span class='ocrx_word' id='word_1_104' title='bbox 423 1492 580 1548; x_wconf 91' lang='lat' dir='ltr'><strong><em>nostrum</em></strong></span> <span class='ocrx_word' id='word_1_105' title='bbox 640 1485 860 1575; x_wconf 76' lang='lat' dir='ltr'><strong><em>ualesumque</em></strong></span> <span class='ocrx_word' id='word_1_106' title='bbox 879 1480 1054 1570; x_wconf 88' lang='lat' dir='ltr'><strong><em>judicium</em></strong></span> <span class='ocrx_word' id='word_1_107' title='bbox 1083 1479 1205 1568; x_wconf 81' lang='lat' dir='ltr'><strong><em>ubique</em></strong></span> 
     </span>
     <span class='ocr_line' id='line_1_17' title="bbox 144 1507 1203 1656; baseline -0.006 -24"><span class='ocrx_word' id='word_1_108' title='bbox 144 1587 299 1656; x_wconf 78' lang='lat' dir='ltr'><strong><em>sequens,</em></strong></span> <span class='ocrx_word' id='word_1_109' title='bbox 322 1565 421 1631; x_wconf 89' lang='lat' dir='ltr'><strong><em>haud</em></strong></span> <span class='ocrx_word' id='word_1_110' title='bbox 438 1570 573 1630; x_wconf 81' lang='lat' dir='ltr'><strong><em>necesse¹</em></strong></span> <span class='ocrx_word' id='word_1_111' title='bbox 597 1507 685 1632; x_wconf 67' lang='lat' dir='ltr'><strong><em>dquxi</em></strong></span> <span class='ocrx_word' id='word_1_112' title='bbox 697 1569 848 1634; x_wconf 77' lang='lat' dir='ltr'><strong><em>alibrum</em></strong></span> <span class='ocrx_word' id='word_1_113' title='bbox 867 1566 1064 1630; x_wconf 72' lang='lat' dir='ltr'><strong><em>recedentes</em></strong></span> <span class='ocrx_word' id='word_1_114' title='bbox 1083 1564 1203 1629; x_wconf 83' lang='lat' dir='ltr'><strong><em>viden-</em></strong></span> 
     </span>
     <span class='ocr_line' id='line_1_18' title="bbox 144 1645 1204 1738; baseline -0.005 -23"><span class='ocrx_word' id='word_1_115' title='bbox 144 1649 185 1715; x_wconf 94' lang='lat' dir='ltr'><strong><em>di</em></strong></span> <span class='ocrx_word' id='word_1_116' title='bbox 203 1649 359 1714; x_wconf 88' lang='lat' dir='ltr'><strong><em>rationes</em></strong></span> <span class='ocrx_word' id='word_1_117' title='bbox 379 1648 484 1714; x_wconf 84' lang='lat' dir='ltr'><strong><em>simul</em></strong></span> <span class='ocrx_word' id='word_1_118' title='bbox 504 1645 685 1735; x_wconf 78' lang='lat' dir='ltr'><strong><em>refellere3</em></strong></span> <span class='ocrx_word' id='word_1_119' title='bbox 711 1652 828 1738; x_wconf 86' lang='lat' dir='ltr'><strong><em>potius</em></strong></span> <span class='ocrx_word' id='word_1_120' title='bbox 851 1649 979 1716; x_wconf 72' lang='lat' dir='ltr'><strong><em>evitavi</em></strong></span> <span class='ocrx_word' id='word_1_121' title='bbox 992 1648 1204 1733; x_wconf 86' lang='lat' dir='ltr'><strong><em>¹discrepan-</em></strong></span> 
     </span>
     <span class='ocr_line' id='line_1_19' title="bbox 100 1731 1204 1876; baseline -0.004 -80"><span class='ocrx_word' id='word_1_122' title='bbox 100 1789 104 1796; x_wconf 94' lang='lat'>.</span> <span class='ocrx_word' id='word_1_123' title='bbox 143 1735 213 1798; x_wconf 88' lang='lat' dir='ltr'><strong><em>tias</em></strong></span> <span class='ocrx_word' id='word_1_124' title='bbox 235 1731 271 1796; x_wconf 83' lang='lat' dir='ltr'><strong><em>in</em></strong></span> <span class='ocrx_word' id='word_1_125' title='bbox 292 1731 486 1822; x_wconf 83' lang='lat' dir='ltr'><strong><em>exponendi</em></strong></span> <span class='ocrx_word' id='word_1_126' title='bbox 504 1743 567 1796; x_wconf 85' lang='lat' dir='ltr'><strong><em>aut</em></strong></span> <span class='ocrx_word' id='word_1_127' title='bbox 585 1733 840 1802; x_wconf 88' lang='lat' dir='ltr'><strong><em>determinandi</em></strong></span> <span class='ocrx_word' id='word_1_128' title='bbox 868 1731 968 1806; x_wconf 82' lang='lat' dir='ltr'><strong><em>modo</em></strong></span> <span class='ocrx_word' id='word_1_129' title='bbox 993 1733 1045 1796; x_wconf 89' lang='lat' dir='ltr'><strong><em>ita</em></strong></span> <span class='ocrx_word' id='word_1_130' title='bbox 1072 1751 1204 1876; x_wconf 68' lang='lat' dir='ltr'><strong><em>prppo·</em></strong></span> 
     </span>
    </p>

    <p class='ocr_par' dir='ltr' id='par_1_5' title="bbox 134 1813 1210 2069">
     <span class='ocr_line' id='line_1_20' title="bbox 142 1813 1204 1903; baseline -0.004 -20"><span class='ocrx_word' id='word_1_131' title='bbox 142 1839 234 1895; x_wconf 84' lang='lat' dir='ltr'><strong><em>nere,</em></strong></span> <span class='ocrx_word' id='word_1_132' title='bbox 256 1825 297 1878; x_wconf 90' lang='lat' dir='ltr'><strong><em>ut</em></strong></span> <span class='ocrx_word' id='word_1_133' title='bbox 316 1823 473 1880; x_wconf 87' lang='lat' dir='ltr'><strong><em>nostrum</em></strong></span> <span class='ocrx_word' id='word_1_134' title='bbox 497 1817 600 1900; x_wconf 83' lang='lat' dir='ltr'><strong><em>quasi</em></strong></span> <span class='ocrx_word' id='word_1_135' title='bbox 620 1839 744 1883; x_wconf 83' lang='lat' dir='ltr'><strong><em>novum</em></strong></span> <span class='ocrx_word' id='word_1_136' title='bbox 773 1828 837 1882; x_wconf 88' lang='lat' dir='ltr'><strong><em>aut</em></strong></span> <span class='ocrx_word' id='word_1_137' title='bbox 864 1815 1003 1903; x_wconf 84' lang='lat' dir='ltr'><strong><em>privum</em></strong></span> <span class='ocrx_word' id='word_1_138' title='bbox 1027 1813 1118 1903; x_wconf 83' lang='lat' dir='ltr'><strong><em>quod</em></strong></span> <span class='ocrx_word' id='word_1_139' title='bbox 1142 1833 1204 1879; x_wconf 88' lang='lat' dir='ltr'><strong><em>am</em></strong></span> 
     </span>
     <span class='ocr_line' id='line_1_21' title="bbox 134 1897 1210 1988; baseline -0.007 -23"><span class='ocrx_word' id='word_1_140' title='bbox 134 1897 369 1988; x_wconf 51' lang='lat' dir='ltr'><strong><em>¹promitterem</em></strong></span> <span class='ocrx_word' id='word_1_141' title='bbox 389 1897 487 1963; x_wconf 90' lang='lat' dir='ltr'><strong><em>nolui</em></strong></span> <span class='ocrx_word' id='word_1_142' title='bbox 520 1899 557 1962; x_wconf 87' lang='lat' dir='ltr'><strong><em>in</em></strong></span> <span class='ocrx_word' id='word_1_143' title='bbox 598 1899 804 1987; x_wconf 78' lang='lat' dir='ltr'><strong><em>corrigendo</em></strong></span> <span class='ocrx_word' id='word_1_144' title='bbox 860 1897 1029 1984; x_wconf 70' lang='lat' dir='ltr'><strong><em>aedagogi</em></strong></span> <span class='ocrx_word' id='word_1_145' title='bbox 1055 1907 1210 1972; x_wconf 76' lang='lat' dir='ltr'><strong><em>munere·</em></strong></span> 
     </span>
     <span class='ocr_line' id='line_1_22' title="bbox 677 1923 1202 2069; baseline -0.015 -21"><span class='ocrx_word' id='word_1_146' title='bbox 677 1985 684 2000; x_wconf 88' lang='lat'>&#39;</span> <span class='ocrx_word' id='word_1_147' title='bbox 817 1923 882 2062; x_wconf 64' lang='lat' dir='ltr'><strong><em>ahs,</em></strong></span> <span class='ocrx_word' id='word_1_148' title='bbox 905 1979 947 2044; x_wconf 89' lang='lat' dir='ltr'><strong><em>de</em></strong></span> <span class='ocrx_word' id='word_1_149' title='bbox 969 2003 1039 2069; x_wconf 83' lang='lat' dir='ltr'><strong><em>qua</em></strong></span> <span class='ocrx_word' id='word_1_150' title='bbox 1061 2002 1099 2046; x_wconf 92' lang='lat' dir='ltr'><strong><em>re</em></strong></span> <span class='ocrx_word' id='word_1_151' title='bbox 1119 1999 1202 2043; x_wconf 77' lang='lat' dir='ltr'><strong><em>mon</em></strong></span> 
     </span>
    </p>

    <p class='ocr_par' dir='ltr' id='par_1_6' title="bbox 66 2062 1229 4151">
     <span class='ocr_line' id='line_1_23' title="bbox 141 2062 1202 2156; baseline -0.005 -24"><span class='ocrx_word' id='word_1_152' title='bbox 141 2062 244 2152; x_wconf 84' lang='lat' dir='ltr'><strong><em>infra</em></strong></span> <span class='ocrx_word' id='word_1_153' title='bbox 259 2066 369 2153; x_wconf 89' lang='lat' dir='ltr'><strong><em>plura</em></strong></span> <span class='ocrx_word' id='word_1_154' title='bbox 391 2064 597 2154; x_wconf 85' lang='lat' dir='ltr'><strong><em>afferentur,</em></strong></span> <span class='ocrx_word' id='word_1_155' title='bbox 620 2068 776 2154; x_wconf 58' lang='lat' dir='ltr'><strong><em>inultus·</em></strong></span> <span class='ocrx_word' id='word_1_156' title='bbox 800 2069 960 2156; x_wconf 85' lang='lat' dir='ltr'><strong><em>plantam</em></strong></span> <span class='ocrx_word' id='word_1_157' title='bbox 980 2063 1023 2130; x_wconf 81' lang='lat' dir='ltr'><strong><em>ab</em></strong></span> <span class='ocrx_word' id='word_1_158' title='bbox 1045 2063 1202 2132; x_wconf 82' lang='lat' dir='ltr'><strong><em>Auctore</em></strong></span> 
     </span>
     <span class='ocr_line' id='line_1_24' title="bbox 66 2146 1216 2238; baseline -0.003 -24"><span class='ocrx_word' id='word_1_159' title='bbox 66 2173 72 2187; x_wconf 37' lang='lat' dir='ltr'><strong><em>i</em></strong></span> <span class='ocrx_word' id='word_1_160' title='bbox 94 2169 105 2192; x_wconf 88' lang='lat'><strong><em>¹</em></strong></span> <span class='ocrx_word' id='word_1_161' title='bbox 139 2149 358 2238; x_wconf 85' lang='lat' dir='ltr'><strong><em>descriptam,</em></strong></span> <span class='ocrx_word' id='word_1_162' title='bbox 379 2171 447 2213; x_wconf 91' lang='lat' dir='ltr'><strong><em>non</em></strong></span> <span class='ocrx_word' id='word_1_163' title='bbox 465 2171 545 2212; x_wconf 81' lang='lat' dir='ltr'><strong><em>vero</em></strong></span> <span class='ocrx_word' id='word_1_164' title='bbox 557 2151 724 2216; x_wconf 89' lang='lat' dir='ltr'><strong><em>Auctoris</em></strong></span> <span class='ocrx_word' id='word_1_165' title='bbox 747 2169 947 2238; x_wconf 71' lang='lat' dir='ltr'><strong><em>synonuma,</em></strong></span> <span class='ocrx_word' id='word_1_166' title='bbox 978 2146 1135 2238; x_wconf 75' lang='lat' dir='ltr'><strong><em>quamvis</em></strong></span> <span class='ocrx_word' id='word_1_167' title='bbox 1157 2153 1216 2210; x_wconf 68' lang='lat' dir='ltr'><strong><em>¹ro&#39;</em></strong></span> 
     </span>
     <span class='ocr_line' id='line_1_25' title="bbox 74 2225 1201 2320; baseline -0.008 -22"><span class='ocrx_word' id='word_1_168' title='bbox 74 2225 84 2246; x_wconf 72' lang='lat'>⁸</span> <span class='ocrx_word' id='word_1_169' title='bbox 138 2231 222 2310; x_wconf 74' lang='lat' dir='ltr'><strong><em>each</em></strong></span> <span class='ocrx_word' id='word_1_170' title='bbox 243 2255 315 2320; x_wconf 85' lang='lat' dir='ltr'><strong><em>syn.</em></strong></span> <span class='ocrx_word' id='word_1_171' title='bbox 338 2231 437 2296; x_wconf 88' lang='lat' dir='ltr'><strong><em>haud</em></strong></span> <span class='ocrx_word' id='word_1_172' title='bbox 453 2230 660 2298; x_wconf 79' lang='lat' dir='ltr'><strong><em>addiderim.</em></strong></span> <span class='ocrx_word' id='word_1_173' title='bbox 681 2232 872 2312; x_wconf 81' lang='lat' dir='ltr'><strong><em>¹Nostrum</em></strong></span> <span class='ocrx_word' id='word_1_174' title='bbox 898 2242 1046 2298; x_wconf 88' lang='lat' dir='ltr'><strong><em>ceterum</em></strong></span> <span class='ocrx_word' id='word_1_175' title='bbox 1062 2227 1201 2317; x_wconf 85' lang='lat' dir='ltr'><strong><em>judici·-</em></strong></span> 
     </span>
     <span class='ocr_line' id='line_1_26' title="bbox 138 2309 1200 2406; baseline -0.008 -26"><span class='ocrx_word' id='word_1_176' title='bbox 138 2337 199 2380; x_wconf 90' lang='lat' dir='ltr'><strong><em>um</em></strong></span> <span class='ocrx_word' id='word_1_177' title='bbox 218 2337 261 2380; x_wconf 79' lang='lat' dir='ltr'><strong><em>ea</em></strong></span> <span class='ocrx_word' id='word_1_178' title='bbox 282 2315 378 2392; x_wconf 86' lang='lat' dir='ltr'><strong><em>omm&#39;</em></strong></span> <span class='ocrx_word' id='word_1_179' title='bbox 389 2325 495 2400; x_wconf 81' lang='lat' dir='ltr'><strong><em>parts</em></strong></span> <span class='ocrx_word' id='word_1_180' title='bbox 516 2324 554 2379; x_wconf 92' lang='lat' dir='ltr'><strong><em>ut</em></strong></span> <span class='ocrx_word' id='word_1_181' title='bbox 573 2326 729 2380; x_wconf 89' lang='lat' dir='ltr'><strong><em>nostrum</em></strong></span> <span class='ocrx_word' id='word_1_182' title='bbox 748 2313 975 2406; x_wconf 77' lang='lat' dir='ltr'><strong><em>suffragium,</em></strong></span> <span class='ocrx_word' id='word_1_183' title='bbox 993 2313 1058 2393; x_wconf 82' lang='lat' dir='ltr'><strong><em>vei,</em></strong></span> <span class='ocrx_word' id='word_1_184' title='bbox 1080 2313 1114 2376; x_wconf 91' lang='lat' dir='ltr'><strong><em>si</em></strong></span> <span class='ocrx_word' id='word_1_185' title='bbox 1125 2309 1200 2372; x_wconf 87' lang='lat' dir='ltr'><strong><em>dis·</em></strong></span> 
     </span>
     <span class='ocr_line' id='line_1_27' title="bbox 136 2391 1200 2484; baseline -0.008 -22"><span class='ocrx_word' id='word_1_186' title='bbox 136 2397 295 2475; x_wconf 85' lang='lat' dir='ltr'><strong><em>senseris,</em></strong></span> <span class='ocrx_word' id='word_1_187' title='bbox 320 2407 361 2462; x_wconf 92' lang='lat' dir='ltr'><strong><em>ut</em></strong></span> <span class='ocrx_word' id='word_1_188' title='bbox 380 2419 496 2462; x_wconf 90' lang='lat' dir='ltr'><strong><em>meam</em></strong></span> <span class='ocrx_word' id='word_1_189' title='bbox 516 2399 747 2484; x_wconf 82' lang='lat' dir='ltr'><strong><em>exceptionem</em></strong></span> <span class='ocrx_word' id='word_1_190' title='bbox 772 2419 910 2462; x_wconf 85' lang='lat' dir='ltr'><strong><em>censeas</em></strong></span> <span class='ocrx_word' id='word_1_191' title='bbox 942 2397 1054 2470; x_wconf 76' lang='lat' dir='ltr'><strong><em>velim,</em></strong></span> <span class='ocrx_word' id='word_1_192' title='bbox 1096 2391 1200 2458; x_wconf 84' lang='lat' dir='ltr'><strong><em>Mul-</em></strong></span> 
     </span>
     <span class='ocr_line' id='line_1_28' title="bbox 136 2475 1201 2567; baseline -0.008 -21"><span class='ocrx_word' id='word_1_193' title='bbox 136 2491 175 2546; x_wconf 88' lang='lat' dir='ltr'><strong><em>ta</em></strong></span> <span class='ocrx_word' id='word_1_194' title='bbox 194 2481 296 2545; x_wconf 84' lang='lat' dir='ltr'><strong><em>aliter</em></strong></span> <span class='ocrx_word' id='word_1_195' title='bbox 343 2481 468 2566; x_wconf 90' lang='lat' dir='ltr'><strong><em>roponi</em></strong></span> <span class='ocrx_word' id='word_1_196' title='bbox 479 2503 584 2567; x_wconf 86' lang='lat' dir='ltr'><strong><em>posse</em></strong></span> <span class='ocrx_word' id='word_1_197' title='bbox 607 2477 715 2562; x_wconf 77' lang='lat' dir='ltr'><strong><em>facile</em></strong></span> <span class='ocrx_word' id='word_1_198' title='bbox 737 2480 844 2547; x_wconf 80' lang='lat' dir='ltr'><strong><em>video.</em></strong></span> <span class='ocrx_word' id='word_1_199' title='bbox 889 2478 1006 2544; x_wconf 86' lang='lat' dir='ltr'><strong><em>Haud</em></strong></span> <span class='ocrx_word' id='word_1_200' title='bbox 1028 2499 1105 2564; x_wconf 87' lang='lat' dir='ltr'><strong><em>spes</em></strong></span> <span class='ocrx_word' id='word_1_201' title='bbox 1127 2475 1201 2538; x_wconf 81' lang='lat' dir='ltr'><strong><em>mi·</em></strong></span> 
     </span>
     <span class='ocr_line' id='line_1_29' title="bbox 136 2550 1200 2712; baseline -0.008 -82"><span class='ocrx_word' id='word_1_202' title='bbox 136 2559 271 2712; x_wconf 57' lang='lat' dir='ltr'><strong><em>hidsuit</em></strong></span> <span class='ocrx_word' id='word_1_203' title='bbox 328 2562 582 2649; x_wconf 79' lang='lat' dir='ltr'><strong><em>ichenologiam</em></strong></span> <span class='ocrx_word' id='word_1_204' title='bbox 593 2550 808 2650; x_wconf 77' lang='lat' dir='ltr'><strong><em>Europoeam</em></strong></span> <span class='ocrx_word' id='word_1_205' title='bbox 828 2561 1033 2642; x_wconf 81' lang='lat' dir='ltr'><strong><em>absolvendi,</em></strong></span> <span class='ocrx_word' id='word_1_206' title='bbox 1051 2558 1112 2624; x_wconf 89' lang='lat' dir='ltr'><strong><em>sed</em></strong></span> <span class='ocrx_word' id='word_1_207' title='bbox 1133 2557 1200 2622; x_wconf 87' lang='lat' dir='ltr'><strong><em>de·-</em></strong></span> 
     </span>
     <span class='ocr_line' id='line_1_30' title="bbox 135 2643 1200 2741; baseline -0.007 -29"><span class='ocrx_word' id='word_1_208' title='bbox 135 2647 170 2712; x_wconf 88' lang='lat' dir='ltr'><strong><em>si</em></strong></span> <span class='ocrx_word' id='word_1_209' title='bbox 192 2647 303 2712; x_wconf 89' lang='lat' dir='ltr'><strong><em>erium</em></strong></span> <span class='ocrx_word' id='word_1_210' title='bbox 317 2645 464 2710; x_wconf 86' lang='lat' dir='ltr'><strong><em>indicem</em></strong></span> <span class='ocrx_word' id='word_1_211' title='bbox 475 2643 630 2732; x_wconf 84' lang='lat' dir='ltr'><strong><em>Jacilem</em></strong></span> <span class='ocrx_word' id='word_1_212' title='bbox 645 2645 812 2712; x_wconf 85' lang='lat' dir='ltr'><strong><em>tironibus</em></strong></span> <span class='ocrx_word' id='word_1_213' title='bbox 827 2643 990 2710; x_wconf 85' lang='lat' dir='ltr'><strong><em>tradendi</em></strong></span> <span class='ocrx_word' id='word_1_214' title='bbox 1009 2655 1043 2710; x_wconf 85' lang='lat' dir='ltr'><strong><em>et</em></strong></span> <span class='ocrx_word' id='word_1_215' title='bbox 1055 2665 1096 2706; x_wconf 82' lang='lat' dir='ltr'><strong><em>ex</em></strong></span> <span class='ocrx_word' id='word_1_216' title='bbox 1104 2663 1200 2741; x_wconf 91' lang='lat' dir='ltr'><strong><em>par-</em></strong></span> 
     </span>
     <span class='ocr_line' id='line_1_31' title="bbox 88 2727 1199 2817; baseline -0.011 -19"><span class='ocrx_word' id='word_1_217' title='bbox 88 2756 91 2760; x_wconf 88' lang='lat'>·</span> <span class='ocrx_word' id='word_1_218' title='bbox 135 2741 169 2798; x_wconf 85' lang='lat' dir='ltr'><strong><em>te</em></strong></span> <span class='ocrx_word' id='word_1_219' title='bbox 188 2729 295 2794; x_wconf 79' lang='lat' dir='ltr'><strong><em>simul</em></strong></span> <span class='ocrx_word' id='word_1_220' title='bbox 309 2730 619 2814; x_wconf 66' lang='lat' dir='ltr'><strong><em>praestructionem,</em></strong></span> <span class='ocrx_word' id='word_1_221' title='bbox 650 2727 826 2817; x_wconf 88' lang='lat' dir='ltr'><strong><em>adquam</em></strong></span> <span class='ocrx_word' id='word_1_222' title='bbox 842 2750 939 2792; x_wconf 84' lang='lat' dir='ltr'><strong><em>novoe</em></strong></span> <span class='ocrx_word' id='word_1_223' title='bbox 960 2737 995 2794; x_wconf 88' lang='lat' dir='ltr'><strong><em>et</em></strong></span> <span class='ocrx_word' id='word_1_224' title='bbox 1014 2727 1199 2792; x_wconf 78' lang='lat' dir='ltr'><strong><em>ulteriores</em></strong></span> 
     </span>
     <span class='ocr_line' id='line_1_32' title="bbox 135 2807 1196 2900; baseline -0.01 -20"><span class='ocrx_word' id='word_1_225' title='bbox 135 2811 388 2880; x_wconf 82' lang='lat' dir='ltr'><strong><em>ohservationes</em></strong></span> <span class='ocrx_word' id='word_1_226' title='bbox 410 2807 626 2896; x_wconf 71' lang='lat' dir='ltr'><strong><em>referantur,</em></strong></span> <span class='ocrx_word' id='word_1_227' title='bbox 645 2810 751 2877; x_wconf 86' lang='lat' dir='ltr'><strong><em>donec</em></strong></span> <span class='ocrx_word' id='word_1_228' title='bbox 767 2810 958 2900; x_wconf 87' lang='lat' dir='ltr'><strong><em>perfectior</em></strong></span> <span class='ocrx_word' id='word_1_229' title='bbox 979 2819 1196 2876; x_wconf 84' lang='lat' dir='ltr'><strong><em>exstruatur.</em></strong></span> 
     </span>
     <span class='ocr_line' id='line_1_33' title="bbox 140 2892 1196 2982; baseline -0.01 -18"><span class='ocrx_word' id='word_1_230' title='bbox 140 2896 229 2964; x_wconf 81' lang='lat' dir='ltr'><strong><em>Tale</em></strong></span> <span class='ocrx_word' id='word_1_231' title='bbox 248 2917 312 2980; x_wconf 91' lang='lat' dir='ltr'><strong><em>per</em></strong></span> <span class='ocrx_word' id='word_1_232' title='bbox 333 2893 533 2958; x_wconf 74' lang='lat' dir='ltr'><strong><em>detensium</em></strong></span> <span class='ocrx_word' id='word_1_233' title='bbox 556 2892 600 2958; x_wconf 81' lang='lat' dir='ltr'><strong><em>ab</em></strong></span> <span class='ocrx_word' id='word_1_234' title='bbox 620 2895 702 2960; x_wconf 86' lang='lat' dir='ltr'><strong><em>aliis</em></strong></span> <span class='ocrx_word' id='word_1_235' title='bbox 730 2894 936 2982; x_wconf 77' lang='lat' dir='ltr'><strong><em>exspectavi,</em></strong></span> <span class='ocrx_word' id='word_1_236' title='bbox 967 2903 1006 2960; x_wconf 83' lang='lat' dir='ltr'><strong><em>at</em></strong></span> <span class='ocrx_word' id='word_1_237' title='bbox 1023 2893 1196 2982; x_wconf 77' lang='lat' dir='ltr'><strong><em>frustra3</em></strong></span> 
     </span>
     <span class='ocr_line' id='line_1_34' title="bbox 133 2975 1197 3073; baseline -0.007 -31"><span class='ocrx_word' id='word_1_238' title='bbox 133 3000 244 3070; x_wconf 76' lang='lat' dir='ltr'><strong><em>quare</em></strong></span> <span class='ocrx_word' id='word_1_239' title='bbox 263 2997 377 3040; x_wconf 88' lang='lat' dir='ltr'><strong><em>meum</em></strong></span> <span class='ocrx_word' id='word_1_240' title='bbox 396 2985 477 3040; x_wconf 89' lang='lat' dir='ltr'><strong><em>ante</em></strong></span> <span class='ocrx_word' id='word_1_241' title='bbox 492 2976 615 3073; x_wconf 81' lang='lat' dir='ltr'><strong><em>piures</em></strong></span> <span class='ocrx_word' id='word_1_242' title='bbox 638 3000 748 3042; x_wconf 88' lang='lat' dir='ltr'><strong><em>annos</em></strong></span> <span class='ocrx_word' id='word_1_243' title='bbox 778 2975 994 3044; x_wconf 77' lang='lat' dir='ltr'><strong><em>elaboratum</em></strong></span> <span class='ocrx_word' id='word_1_244' title='bbox 1017 2985 1197 3042; x_wconf 89' lang='lat' dir='ltr'><strong><em>tentamen</em></strong></span> 
     </span>
     <span class='ocr_line' id='line_1_35' title="bbox 134 3059 1194 3144; baseline -0.009 -14"><span class='ocrx_word' id='word_1_245' title='bbox 134 3072 203 3130; x_wconf 81' lang='lat' dir='ltr'><strong><em>non</em></strong></span> <span class='ocrx_word' id='word_1_246' title='bbox 222 3059 352 3126; x_wconf 87' lang='lat' dir='ltr'><strong><em>diutius</em></strong></span> <span class='ocrx_word' id='word_1_247' title='bbox 371 3078 588 3144; x_wconf 82' lang='lat' dir='ltr'><strong><em>supprimere</em></strong></span> <span class='ocrx_word' id='word_1_248' title='bbox 611 3059 715 3126; x_wconf 85' lang='lat' dir='ltr'><strong><em>dehui</em></strong></span> <span class='ocrx_word' id='word_1_249' title='bbox 735 3071 838 3142; x_wconf 88' lang='lat' dir='ltr'><strong><em>metu,</em></strong></span> <span class='ocrx_word' id='word_1_250' title='bbox 864 3084 906 3126; x_wconf 91' lang='lat' dir='ltr'><strong><em>ne</em></strong></span> <span class='ocrx_word' id='word_1_251' title='bbox 934 3059 978 3126; x_wconf 85' lang='lat' dir='ltr'><strong><em>ah</em></strong></span> <span class='ocrx_word' id='word_1_252' title='bbox 1006 3059 1077 3124; x_wconf 84' lang='lat' dir='ltr'><strong><em>alio</em></strong></span> <span class='ocrx_word' id='word_1_253' title='bbox 1106 3079 1194 3144; x_wconf 88' lang='lat' dir='ltr'><strong><em>sup·</em></strong></span> 
     </span>
     <span class='ocr_line' id='line_1_36' title="bbox 126 3141 1195 3234; baseline -0.006 -24"><span class='ocrx_word' id='word_1_254' title='bbox 126 3143 348 3234; x_wconf 75' lang='lat' dir='ltr'><strong><em>premeretur.</em></strong></span> <span class='ocrx_word' id='word_1_255' title='bbox 384 3141 527 3208; x_wconf 86' lang='lat' dir='ltr'><strong><em>Cautius</em></strong></span> <span class='ocrx_word' id='word_1_256' title='bbox 546 3142 619 3208; x_wconf 91' lang='lat' dir='ltr'><strong><em>sine</em></strong></span> <span class='ocrx_word' id='word_1_257' title='bbox 642 3142 741 3209; x_wconf 72' lang='lat' dir='ltr'><strong><em>(lubio</em></strong></span> <span class='ocrx_word' id='word_1_258' title='bbox 762 3145 920 3230; x_wconf 80' lang='lat' dir='ltr'><strong><em>egissem,</em></strong></span> <span class='ocrx_word' id='word_1_259' title='bbox 951 3143 985 3208; x_wconf 91' lang='lat' dir='ltr'><strong><em>si</em></strong></span> <span class='ocrx_word' id='word_1_260' title='bbox 1011 3142 1077 3208; x_wconf 83' lang='lat' dir='ltr'><strong><em>aiii</em></strong></span> <span class='ocrx_word' id='word_1_261' title='bbox 1109 3142 1195 3228; x_wconf 92' lang='lat' dir='ltr'><strong><em>pri-</em></strong></span> 
     </span>
     <span class='ocr_line' id='line_1_37' title="bbox 130 3224 1196 3316; baseline 0 -24"><span class='ocrx_word' id='word_1_262' title='bbox 130 3227 183 3292; x_wconf 90' lang='lat' dir='ltr'><strong><em>mi</em></strong></span> <span class='ocrx_word' id='word_1_263' title='bbox 205 3224 359 3312; x_wconf 88' lang='lat' dir='ltr'><strong><em>periculi</em></strong></span> <span class='ocrx_word' id='word_1_264' title='bbox 387 3225 551 3290; x_wconf 77' lang='lat' dir='ltr'><strong><em>honorem</em></strong></span> <span class='ocrx_word' id='word_1_265' title='bbox 586 3227 675 3296; x_wconf 81' lang='lat' dir='ltr'><strong><em>relin</em></strong></span> <span class='ocrx_word' id='word_1_266' title='bbox 697 3247 796 3305; x_wconf 88' lang='lat' dir='ltr'><strong><em>uens,</em></strong></span> <span class='ocrx_word' id='word_1_267' title='bbox 836 3229 909 3316; x_wconf 90' lang='lat' dir='ltr'><strong><em>ipse</em></strong></span> <span class='ocrx_word' id='word_1_268' title='bbox 924 3225 1069 3290; x_wconf 80' lang='lat' dir='ltr'><strong><em>·demum</em></strong></span> <span class='ocrx_word' id='word_1_269' title='bbox 1106 3245 1196 3310; x_wconf 78' lang='lat' dir='ltr'><strong><em>sup·</em></strong></span> 
     </span>
     <span class='ocr_line' id='line_1_38' title="bbox 126 3251 1193 3399; baseline 0 -25"><span class='ocrx_word' id='word_1_270' title='bbox 126 3307 256 3399; x_wconf 78' lang='lat' dir='ltr'><strong><em>pheudo</em></strong></span> <span class='ocrx_word' id='word_1_271' title='bbox 291 3317 326 3372; x_wconf 92' lang='lat' dir='ltr'><strong><em>et</em></strong></span> <span class='ocrx_word' id='word_1_272' title='bbox 360 3307 567 3394; x_wconf 81' lang='lat' dir='ltr'><strong><em>corrigendo</em></strong></span> <span class='ocrx_word' id='word_1_273' title='bbox 595 3251 814 3398; x_wconf 73' lang='lat' dir='ltr'><strong><em>prodiissem.</em></strong></span> <span class='ocrx_word' id='word_1_274' title='bbox 865 3309 949 3376; x_wconf 88' lang='lat' dir='ltr'><strong><em>Non</em></strong></span> <span class='ocrx_word' id='word_1_275' title='bbox 993 3317 1193 3376; x_wconf 85' lang='lat' dir='ltr'><strong><em>nostrorum</em></strong></span> 
     </span>
     <span class='ocr_line' id='line_1_39' title="bbox 125 3389 1229 3474; baseline -0.005 -17"><span class='ocrx_word' id='word_1_276' title='bbox 125 3391 320 3468; x_wconf 77' lang='lat' dir='ltr'><strong><em>studiorum</em></strong></span> <span class='ocrx_word' id='word_1_277' title='bbox 341 3389 405 3457; x_wconf 88' lang='lat' dir='ltr'><strong><em>sed</em></strong></span> <span class='ocrx_word' id='word_1_278' title='bbox 424 3390 576 3456; x_wconf 81' lang='lat' dir='ltr'><strong><em>scientia</em></strong></span> <span class='ocrx_word' id='word_1_279' title='bbox 596 3415 723 3458; x_wconf 83' lang='lat' dir='ltr'><strong><em>caussa</em></strong></span> <span class='ocrx_word' id='word_1_280' title='bbox 743 3417 913 3474; x_wconf 73' lang='lat' dir='ltr'><strong><em>vovemus,</em></strong></span> <span class='ocrx_word' id='word_1_281' title='bbox 934 3395 1042 3458; x_wconf 80' lang='lat' dir='ltr'><strong><em>velint</em></strong></span> <span class='ocrx_word' id='word_1_282' title='bbox 1061 3391 1192 3458; x_wconf 87' lang='lat' dir='ltr'><strong><em>Liche-</em></strong></span> <span class='ocrx_word' id='word_1_283' title='bbox 1217 3451 1229 3466; x_wconf 57' lang='grc'>,</span> 
     </span>
     <span class='ocr_line' id='line_1_40' title="bbox 127 3471 1190 3573; baseline -0.002 -33"><span class='ocrx_word' id='word_1_284' title='bbox 127 3474 207 3540; x_wconf 78' lang='lat' dir='ltr'><strong><em>nou</em></strong></span> <span class='ocrx_word' id='word_1_285' title='bbox 237 3473 389 3573; x_wconf 72' lang='lat' dir='ltr'><strong><em>imagis</em></strong></span> <span class='ocrx_word' id='word_1_286' title='bbox 409 3472 458 3538; x_wconf 90' lang='lat' dir='ltr'><strong><em>ad</em></strong></span> <span class='ocrx_word' id='word_1_287' title='bbox 476 3487 728 3560; x_wconf 80' lang='lat' dir='ltr'><strong><em>convergentes,</em></strong></span> <span class='ocrx_word' id='word_1_288' title='bbox 752 3499 859 3566; x_wconf 84' lang='lat' dir='ltr'><strong><em>quam</em></strong></span> <span class='ocrx_word' id='word_1_289' title='bbox 880 3476 1097 3564; x_wconf 79' lang='lat' dir='ltr'><strong><em>divergentes</em></strong></span> <span class='ocrx_word' id='word_1_290' title='bbox 1134 3471 1190 3538; x_wconf 78' lang='lat' dir='ltr'><strong><em>vi·</em></strong></span> 
     </span>
     <span class='ocr_line' id='line_1_41' title="bbox 127 3556 1189 3650; baseline -0.001 -28"><span class='ocrx_word' id='word_1_291' title='bbox 127 3556 192 3622; x_wconf 88' lang='lat' dir='ltr'><strong><em>den</em></strong></span> <span class='ocrx_word' id='word_1_292' title='bbox 219 3557 235 3621; x_wconf 89' lang='lat' dir='ltr'><strong><em>i</em></strong></span> <span class='ocrx_word' id='word_1_293' title='bbox 259 3567 412 3622; x_wconf 77' lang='lat' dir='ltr'><strong><em>rationes</em></strong></span> <span class='ocrx_word' id='word_1_294' title='bbox 442 3556 589 3636; x_wconf 88' lang='lat' dir='ltr'><strong><em>tendere,</em></strong></span> <span class='ocrx_word' id='word_1_295' title='bbox 612 3559 685 3626; x_wconf 87' lang='lat' dir='ltr'><strong><em>sine</em></strong></span> <span class='ocrx_word' id='word_1_296' title='bbox 715 3583 779 3650; x_wconf 82' lang='lat' dir='ltr'><strong><em>quo</em></strong></span> <span class='ocrx_word' id='word_1_297' title='bbox 800 3561 879 3625; x_wconf 88' lang='lat' dir='ltr'><strong><em>nisu</em></strong></span> <span class='ocrx_word' id='word_1_298' title='bbox 899 3561 951 3626; x_wconf 83' lang='lat' dir='ltr'><strong><em>nil</em></strong></span> <span class='ocrx_word' id='word_1_299' title='bbox 977 3557 1099 3650; x_wconf 83' lang='lat' dir='ltr'><strong><em>ubique</em></strong></span> <span class='ocrx_word' id='word_1_300' title='bbox 1130 3577 1189 3625; x_wconf 89' lang='lat' dir='ltr'><strong><em>re·</em></strong></span> 
     </span>
     <span class='ocr_line' id='line_1_42' title="bbox 127 3639 1189 3730; baseline 0.004 -24"><span class='ocrx_word' id='word_1_301' title='bbox 127 3663 164 3706; x_wconf 90' lang='lat' dir='ltr'><strong><em>ce</em></strong></span> <span class='ocrx_word' id='word_1_302' title='bbox 190 3641 219 3705; x_wconf 88' lang='lat' dir='ltr'><strong><em>ti</em></strong></span> <span class='ocrx_word' id='word_1_303' title='bbox 244 3651 279 3706; x_wconf 89' lang='lat' dir='ltr'><strong><em>et</em></strong></span> <span class='ocrx_word' id='word_1_304' title='bbox 301 3639 450 3706; x_wconf 81' lang='lat' dir='ltr'><strong><em>stabiliti</em></strong></span> <span class='ocrx_word' id='word_1_305' title='bbox 476 3643 597 3708; x_wconf 88' lang='lat' dir='ltr'><strong><em>enasci</em></strong></span> <span class='ocrx_word' id='word_1_306' title='bbox 615 3665 720 3730; x_wconf 88' lang='lat' dir='ltr'><strong><em>posse</em></strong></span> <span class='ocrx_word' id='word_1_307' title='bbox 747 3643 904 3724; x_wconf 62' lang='lat' dir='ltr'><strong><em>videtum</em></strong></span> <span class='ocrx_word' id='word_1_308' title='bbox 939 3663 1033 3708; x_wconf 88' lang='lat' dir='ltr'><strong><em>mere</em></strong></span> <span class='ocrx_word' id='word_1_309' title='bbox 1060 3643 1189 3710; x_wconf 88' lang='lat' dir='ltr'><strong><em>critica</em></strong></span> 
     </span>
     <span class='ocr_line' id='line_1_43' title="bbox 194 3721 1191 3814; baseline 0.007 -27"><span class='ocrx_word' id='word_1_310' title='bbox 194 3731 385 3804; x_wconf 80' lang='lat' dir='ltr'><strong><em>exstruunt,</em></strong></span> <span class='ocrx_word' id='word_1_311' title='bbox 408 3721 471 3790; x_wconf 91' lang='lat' dir='ltr'><strong><em>sed</em></strong></span> <span class='ocrx_word' id='word_1_312' title='bbox 489 3723 723 3812; x_wconf 72' lang='lat' dir='ltr'><strong><em>hypercritico</em></strong></span> <span class='ocrx_word' id='word_1_313' title='bbox 754 3737 950 3814; x_wconf 76' lang='lat' dir='ltr'><strong><em>provocant,</em></strong></span> <span class='ocrx_word' id='word_1_314' title='bbox 972 3747 1033 3792; x_wconf 87' lang='lat' dir='ltr'><strong><em>nec</em></strong></span> <span class='ocrx_word' id='word_1_315' title='bbox 1053 3747 1191 3814; x_wconf 89' lang='lat' dir='ltr'><strong><em>parum</em></strong></span> 
     </span>
     <span class='ocr_line' id='line_1_44' title="bbox 124 3804 1191 3898; baseline 0.006 -26"><span class='ocrx_word' id='word_1_316' title='bbox 124 3805 176 3872; x_wconf 84' lang='lat' dir='ltr'><strong><em>od</em></strong></span> <span class='ocrx_word' id='word_1_317' title='bbox 197 3805 403 3872; x_wconf 72' lang='lat' dir='ltr'><strong><em>hodiernam</em></strong></span> <span class='ocrx_word' id='word_1_318' title='bbox 413 3804 675 3894; x_wconf 78' lang='lat' dir='ltr'><strong><em>Lichenologioe</em></strong></span> <span class='ocrx_word' id='word_1_319' title='bbox 696 3809 985 3894; x_wconf 85' lang='lat' dir='ltr'><strong><em>disturbationem</em></strong></span> <span class='ocrx_word' id='word_1_320' title='bbox 1001 3811 1064 3890; x_wconf 89' lang='lat' dir='ltr'><strong><em>(at,</em></strong></span> <span class='ocrx_word' id='word_1_321' title='bbox 1094 3812 1191 3898; x_wconf 81' lang='lat' dir='ltr'><strong><em>quod</em></strong></span> 
     </span>
     <span class='ocr_line' id='line_1_45' title="bbox 120 3887 1189 3978; baseline 0.006 -24"><span class='ocrx_word' id='word_1_322' title='bbox 120 3903 190 3954; x_wconf 83' lang='lat' dir='ltr'><strong><em>non</em></strong></span> <span class='ocrx_word' id='word_1_323' title='bbox 210 3887 467 3974; x_wconf 64' lang='lat' dir='ltr'><strong><em>negligendum,</em></strong></span> <span class='ocrx_word' id='word_1_324' title='bbox 487 3892 787 3976; x_wconf 77' lang='lat' dir='ltr'><strong><em>reg-merationem</em></strong></span> <span class='ocrx_word' id='word_1_325' title='bbox 808 3893 938 3978; x_wconf 84' lang='lat' dir='ltr'><strong><em>simul),</em></strong></span> <span class='ocrx_word' id='word_1_326' title='bbox 963 3901 998 3956; x_wconf 86' lang='lat' dir='ltr'><strong><em>et</em></strong></span> <span class='ocrx_word' id='word_1_327' title='bbox 1028 3893 1189 3960; x_wconf 82' lang='lat' dir='ltr'><strong><em>scientiae</em></strong></span> 
     </span>
     <span class='ocr_line' id='line_1_46' title="bbox 120 3973 1190 4043; baseline 0.006 -7"><span class='ocrx_word' id='word_1_328' title='bbox 120 3973 363 4039; x_wconf 85' lang='lat' dir='ltr'><strong><em>auctoritatem</em></strong></span> <span class='ocrx_word' id='word_1_329' title='bbox 382 3973 578 4040; x_wconf 72' lang='lat' dir='ltr'><strong><em>unacum</em></strong></span> <span class='ocrx_word' id='word_1_330' title='bbox 598 3975 823 4042; x_wconf 84' lang='lat' dir='ltr'><strong><em>contulerunt.</em></strong></span> <span class='ocrx_word' id='word_1_331' title='bbox 869 3975 971 4040; x_wconf 87' lang='lat' dir='ltr'><strong><em>Nam</em></strong></span> <span class='ocrx_word' id='word_1_332' title='bbox 994 3996 1072 4040; x_wconf 86' lang='lat' dir='ltr'><strong><em>sum</em></strong></span> <span class='ocrx_word' id='word_1_333' title='bbox 1094 3979 1190 4043; x_wconf 82' lang='lat' dir='ltr'><strong><em>mter</em></strong></span> 
     </span>
     <span class='ocr_line' id='line_1_47' title="bbox 118 4053 1188 4151; baseline 0.008 -34"><span class='ocrx_word' id='word_1_334' title='bbox 118 4053 271 4122; x_wconf 78' lang='lat' dir='ltr'><strong><em>sciemioe</em></strong></span> <span class='ocrx_word' id='word_1_335' title='bbox 297 4055 445 4124; x_wconf 83' lang='lat' dir='ltr'><strong><em>cultores</em></strong></span> <span class='ocrx_word' id='word_1_336' title='bbox 468 4055 606 4124; x_wconf 85' lang='lat' dir='ltr'><strong><em>tantum</em></strong></span> <span class='ocrx_word' id='word_1_337' title='bbox 625 4057 668 4124; x_wconf 86' lang='lat' dir='ltr'><strong><em>de</em></strong></span> <span class='ocrx_word' id='word_1_338' title='bbox 690 4055 885 4125; x_wconf 72' lang='lat' dir='ltr'><strong><em>nominihus</em></strong></span> <span class='ocrx_word' id='word_1_339' title='bbox 907 4081 934 4126; x_wconf 87' lang='lat' dir='ltr'><strong><em>e.</em></strong></span> <span class='ocrx_word' id='word_1_340' title='bbox 961 4079 988 4124; x_wconf 84' lang='lat' dir='ltr'><strong><em>s.</em></strong></span> <span class='ocrx_word' id='word_1_341' title='bbox 1008 4081 1046 4151; x_wconf 87' lang='lat' dir='ltr'><strong><em>p.</em></strong></span> <span class='ocrx_word' id='word_1_342' title='bbox 1072 4058 1188 4126; x_wconf 83' lang='lat' dir='ltr'><strong><em>disce-</em></strong></span> 
     </span>
    </p>
   </div>
   <div class='ocr_carea' id='block_1_4' title="bbox 0 0 1278 4610">
    <p class='ocr_par' dir='ltr' id='par_1_7' title="bbox 0 0 1278 4610">
     <span class='ocr_line' id='line_1_48' title="bbox 0 0 1278 4610; baseline 0 2"><span class='ocrx_word' id='word_1_343' title='bbox 0 0 1278 4610; x_wconf 95' lang='lat' dir='ltr'><strong><em> </em></strong></span> 
     </span>
    </p>
   </div>
  </div>
 </body>
</html>
