2546 4610
129 179 350 346 mitit
419 303 422 309 -
492 349 494 356 Α
538 247 817 344 Timonis*
853 251 907 376 ῆι.

128 445 328 547 :comparat¹
354 437 434 516 cet
461 432 866 539 agardus-'damin
896 438 974 516 hoe
1004 440 1110 524 iocor
1126 439 1206 516 alia

9 565 16 588 “
130 543 423 647 comparationis
448 555 584 642 puncta
610 542 651 635 in
680 537 1208 628 functidnibusisetofferutru

139 647 354 724 addendum
399 658 566 729 tantum,
605 643 757 750 'plantas
799 643 868 718 sub
914 644 1208 744 metamorphosi
1243 695 1247 702 -

138 751 339 850 regressiva
366 746 658 819 fructificationis
682 747 991 820 eandem-seriem
1016 749 1208 820 inversam

116 837 325 952 'repetere'
358 843 432 921 Tot
449 846 663 946 embryouis
683 849 724 919 in
744 851 875 947 genere
895 850 1097 933 involucra,
1114 851 1207 948 quot

28 1005 31 1016 -
141 955 279 1048 diversi
306 949 446 1052 peracti
470 947 807 1048 metamorphoseos
833 951 988 1048 gradus3
1020 949 1208 1022 Horucne-

85 1088 101 1116 ··
138 1077 307 1132 mearum
328 1049 508 1152 'sporidia
543 1049 764 1150 embryoues
789 1052 903 1137 nudi,
933 1051 1069 1150 absque
1090 1051 1205 1126 omui

139 1171 242 1232 testa.
259 1197 312 1214 -
329 1153 489 1250 Lubrica
515 1153 629 1250 magis
656 1149 855 1252 &anceps
884 1153 932 1250 a)
959 1155 1113 1254 quaestio
1139 1167 1208 1240 est,

140 1287 189 1334 an
215 1284 322 1334 sexus
340 1253 516 1352 «analogia
543 1256 654 1327 etiam
684 1255 724 1328 iu
753 1255 979 1328 Lich'enibus
1003 1251 1044 1328 ἃ
1068 1255 1207 1328 Ηοιιιο·

137 1361 279 1438 nemeis
319 1361 357 1432 in
395 1381 527 1455 genere
567 1356 732 1456 prodeat.
753 1357 1017 1442 „sexuuiratis
1065 1370 1207 1430 tutores

138 1489 283 1544 sexum
298 1457 545 1539 masculinum
573 1459 613 1532 in
631 1463 715 1534 velo
728 1463 964 1562 fungorum,
994 1461 1033 1532 in
1059 1463 1206 1534 cellulis

138 1569 275 1640 solutis
309 1564 503 1660 Algarum
537 1561 805 1660 quaesiverunt:
842 1566 910 1662 jam
953 1587 1036 1636 vero
1073 1559 1205 1656 harum
1270 1601 1271 1610 ι

140 1669 304 1769 partium
335 1661 544 1738 differentia
570 1675 682 1736 tanta.
700 1676 775 1748 est,
807 1677 868 1748 ut,
894 1688 923 1736 s.
950 1663 986 1736 d.
1010 1663 1207 1738 fructifica·
1270 1707 1271 1730 ι

138 1771 240 1860 tione
267 1767 443 1853 foeminea
467 1763 673 1850 simillima,
698 1763 915 1844 alterutrum
936 1791 1082 1868 necesse
1106 1791 1208 1838 erro-
1270 1827 1271 1834 ,

139 1897 253 1946 neum
285 1870 355 1954 sit3
381 1880 578 1967 utrumque
610 1867 743 1942 falsum
771 1892 868 1954 esse,
893 1867 956 1942 vix
983 1893 1207 1968 quemquam
1271 1904 1272 1952 ι

141 1971 446 2071 οἱῖιιςειθιροιεει
472 1967 787 2050 considerantem,
812 1967 877 2047 has
903 1983 1025 2072 partes
1051 1969 1099 2044 ad
1128 1997 1208 2042 om·
1271 1973 1272 1976 ’

140 2077 231 2152 nino
248 2073 436 2147 diversum
452 2085 612 2170 systema
631 2065 831 2170 pertinere„
846 2073 1083 2172 vegetationis
1103 2098 1209 2146 nem·

141 2201 212 2277 pe,
242 2174 479 2272 diversosque
505 2173 841 2274 metamorphoseos
868 2167 1210 2276 gradusasenu'alif

81 2272 86 2288 '
145 2279 235 2373 tatis
261 2301 349 2352 vero
376 2273 552 2374 polaritas
580 2275 773 2376 incudem
802 2273 843 2348 ἃ
867 2289 1055 2376 coaetanee¹
1081 2267 1211 2375 sesdi·

143 2374 287 2456 rellat.'
317 2377 412 2475 'Haec
441 2401 527 2449 vera
560 2391 614 2450 est
644 2377 738 2451 ratio
765 2373 797 2450 εξ
816 2375 852 2450 d.
877 2379 1042 2450 marium
1068 2376 1147 2475 (rei
1173 2371 1212 2448 e'-

142 2485 222 2564 nim
251 2479 371 2554 adhuc
398 2477 535 2564 dubia,
560 2492 601 2550 ut
626 2504 780 2578 gemmae
805 2481 1082 2582 progerminant
1110 2475 1210 2576 dte.)

143 2583 241 2658 inter
267 2585 446 2671 Muscas,
478 2593 520 2653 ut
548 2582 660 2654 etiam
693 2608 869 2656 oscorum
895 2582 992 2654 iuter
1017 2582 1214 2665 Hemone-¹

141 2713 260 2764 naeus.
310 2684 490 2756 Miramur
526 2682 752 2779 sexualitatis
776 2697 917 2784 ¹tutores
949 2677 1213 2784 sugis'sesp'lu'-

144 2813 203 2860 res
227 2782 415 2860 evidentes
429 2785 589 2870 rationes
615 2797 656 2858 ut
679 2786 871 2872 reticeam,
895 2785 1073 2886 insignem
1104 2783 1213 2861 illam

145 2886 457 2973 similitudinem,
492 2911 572 2988 quae
606 2885 664 2960 his
700 2885 867 2988 partibus
900 2888 1118 2972 interceditr
1160 2887 1213 2962 ad

147 2980 307 3071 eundem
328 2988 662 3088 metamorphoseos
684 2988 836 3088 gradum
861 2991 1048 3088 pertinent
1072 2989 1146 3064 asci
1169 2987 1213 3064 ὅ(

147 3091 335 3192 sporidia,
361 3115 427 3162 nec
456 3087 529 3162 ulla
556 3091 627 3162 alia
654 3115 740 3163 sane
765 3090 867 3164 adest
900 3115 1006 3192 pars,
1042 3115 1133 3190 quae·
1154 3092 1214 3164 se-¹

148 3219 240 3268 xum
265 3189 471 3273 masculum
495 3189 715 3266 adumbrare
738 3205 875 3294 posset,
899 3219 1009 3293 quam
1033 3193 1119 3268 asoi.
1160 3193 1215 3268 A·

145 3331 423 3352 m

189 3395 222 3472 ρ)
252 3387 410 3453 Hactenus
440 3394 525 3455 enim
555 3403 661 3458 certus
697 3391 934 3458 demonstrandi
971 3395 1085 3457 modus
1115 3391 1214 3458 deest.

146 3475 342 3560 hypothesis
362 3495 460 3560 supra
484 3479 583 3541 allata
603 3480 765 3562 conspirat
786 3498 858 3538 cum
885 3477 933 3540 iil.
978 3473 1216 3540 Decandollea'

147 3563 337 3641 (Orgauogr.
358 3561 396 3622 11.
424 3565 568 3642 p.161)‚
592 3565 649 3644 qui
671 3561 934 3646 problematieam
958 3563 1098 3626 indolem
1122 3559 1212 3622 iudi-

60 3703 64 3710 ,
120 3643 243 3708 'cavit
266 3673 308 3689 -
329 3639 487 3726 Equidem
518 3643 667 3706 omnihus
695 3640 838 3706 Nemeia
874 3666 986 3708 verum
1019 3639 1052 3707 ἃ
1082 3646 1215 3706 saecun-

147 3727 276 3789 dantem
304 3747 413 3789 sexum
439 3729 568 3790 facilius
590 3727 796 3810 denegarem,
818 3749 890 3789 curn
913 3747 1004 3791 sexus
1028 3724 1215 3790 differentia

148 3815 182 3874 in
202 3814 298 3870 tertio
319 3812 609 3892 metamorphoseos
630 3821 752 3872 tantum
774 3812 876 3893 gradu
897 3814 1042 3894 prodeat,
1054 3811 1094 3874 ad
1117 3831 1217 3893 quem

147 3915 209 3956 non
230 3893 421 3954 adscendunt
442 3895 576 3968 Nemeam
598 3893 771 3978 copulatio
796 3917 872 3956 vero
895 3907 1056 3958 nemetum
1087 3901 1213 3976 germi-

145 3978 295 4040 nantium
325 3995 360 4036 re
381 3980 449 4058 ipsa
469 3988 516 4040 est
541 3976 625 4040 idem
655 3978 945 4065 metamorphoseos
969 3980 1097 4062 gradus.
1140 3980 1211 4044 Csr.

97 4133 103 4150 Ι
149 4055 241 4145 Syn.
265 4049 348 4124 Ort.
372 4053 662 4166 Veg.1.,p.31.
