2470 4602
471 199 699 314 nunninus.
748 235 780 341 j
1056 251 1119 326 165

59 421 118 479 sim
150 429 215 479 non
250 413 324 480 cum
346 421 471 482 acutiss.
493 413 733 502 Schoerer'ab
763 423 848 482 omni
880 414 920 484 P.
941 432 1121 488 'timorum'
1174 463 1175 466 =

57 501 279 582 distinguere,
306 513 339 562 at
367 503 563 586 considerata
591 502 699 584 apoth.
723 504 941 588 morphosim
965 500 1116 564 omuibus

55 585 284 646 coccoloribus
306 589 368 648 erit
400 607 418 648 e
447 606 558 664 genere
582 583 771 656 Parmetiae„
803 581 1020 670 Hypotlrellus
1039 605 1113 647 cum

55 677 163 726 crusta
179 669 340 748 coalitusp
356 673 390 730 in
412 647 542 752 optimis
572 689 646 748 vero
676 669 899 748 speciminibus
933 659 965 730 in
988 665 1113 728 ambitu

56 750 114 810 sub
141 747 232 811 lente
265 751 566 831 fibrilloso-radians
602 751 753 834 pallidior
782 757 981 836 conspicuus.
1030 749 1114 812 Cru-

57 843 103 892 sta
125 837 257 915 tenuis,
279 836 497 912 determinata,
517 835 570 894 sed
592 831 809 914 irregulariter
830 840 937 914 effusa,
959 835 1115 912 levigata,

55 917 261 990 (normaliter
290 911 397 1002 forsan
417 939 524 994 aurea,
544 919 597 978 sed
619 914 813 1000 expellendo)
838 921 998 994 ochracca,
1028 919 1115 977 intus

56 998 139 1060 alba.
183 997 275 1077 Disci
296 1011 456 1064 structura
478 999 710 1064 Parmeliarum
742 999 907 1079 affinium,
940 1009 973 1060 at
1002 1019 1112 1079 mergo

55 1075 138 1140 disco
163 1083 362 1166 plerumque
384 1084 540 1144 concolor.
564 1077 605 1130 -’-
623 1082 778 1164 Magis'in
801 1085 979 1146 carbonatis
1003 1084 1112 1144 calcici

32 1175 213 1246 'potestate
233 1179 348 1228 ‘crusta
371 1170 510 1244 tenuior,
532 1161 886 1252 expallens‚'apothccia
911 1168 1009 1244 magis
1034 1186 1111 1226 con·
1172 1185 1182 1204 ¹

55 1266 141 1322 vexa,
165 1259 281 1314 centro
301 1261 424 1312 tantum
450 1244 610 1334 depressa,
631 1251 739 1332 qualia
760 1249 932 1332 specimina
953 1249 1110 1310 Acharius

56 1329 232 1416 Dufourco
250 1355 310 1414 pro
341 1326 926 1420 Lecid.remeetriss.pn1ritliroma
957 1331 1108 1392 determi-

55 1415 139 1472 navit
162 1418 260 1494 (spec.
282 1417 419 1478 Snecana
441 1416 535 1498 hujus
561 1419 732 1494 varietatis,
755 1419 829 1478 licet
850 1417 1023 1490 simillima²
1045 1415 1108 1476 ali-

57 1515 91 1554 us
122 1493 261 1574 originis
277 1505 379 1576 sunt),
401 1501 455 1560 sed
476 1503 675 1570 afcommuni
701 1495 819 1562 Lecid.
831 1495 982 1582 rupeatri
998 1496 1107 1557 diver-

56 1576 173 1658 sissima
196 1587 324 1642 monuit
345 1583 469 1642 acutiss.
492 1583 632 1660 Dufour,
659 1585 713 1664 qui
728 1579 783 1644 'P.
806 1577 979 1644 oclrrnceae
1001 1583 1107 1640 varie-

57 1657 150 1728 tatem
186 1665 341 1744 insignem
378 1663 438 1724 sub
472 1667 599 1726 nomine
632 1661 750 1730 Lecid.
771 1659 981 1750 oeliroleprae
1010 1665 1106 1724 misit.

57 1743 117 1802 Csr·
143 1739 183 1807 P.
209 1747 459 1810 darentiacum
483 1771 514 1834 y.
736 1747 739 1756 ‘
949 1748 962 1772 l

64 1861 138 1964 157.
165 1863 421 1938 PARMELIA
442 1869 734 1954 cinnabarrino,
759 1879 875 1937 crusta
893 1849 1105 1938 subcartila-

105 1966 209 2062 ginea
249 1968 561 2060 ¹rimoso-areoleta
600 1968 961 2053 antemio-miniato,
1002 1963 1104 2041 obte-

103 2082 209 2162 gente
232 2067 492 2166 hypothallum
520 2071 684 2166 nigrum,
717 2067 915 2166 apotheciis
953 2069 1103 2140 immer-

105 2169 164 2252 sis,
190 2170 295 2242 disco
317 2171 572 2268 irnmarginato
602 2168 915 2255 nummio-rubro,
939 2169 1102 2267 margine

103 2267 272 2342 thellode
294 2268 435 2364 integro
462 2273 685 2370 persistente.

101 2366 213 2430 Lecan.
237 2367 327 2432 Act.
358 2367 458 2436 Licin.
483 2371 571 2435 univ.
588 2393 624 2456 p.
645 2375 717 2443 402.

156 2455 349 2556 Specimen
378 2457 425 2528 ad
445 2483 528 2530 saxa
559 2460 733 2556 grauitica
768 2459 866 2554 juxta
896 2478 998 2526 mare
1024 2477 1102 2527 me·

61 2547 300 2630 diterraueum
328 2557 463 2630 lectum
488 2558 770 2631 communicavit
795 2559 1008 2651 Aspegren.

72 2711 75 2718 .
144 2656 260 2718 Crustu
283 2658 498 2738 cartilaginea,
515 2658 638 2739 glabra,
660 2656 832 2732 subnitida,
848 2656 962 2714 areolis
983 2653 1102 2713 discre-

60 2735 106 2810 tis,
126 2739 177 2798 sed
201 2743 347 2822 stipatis,
371 2744 403 2801 in
423 2742 546 2803 ambitu
572 2739 848 2816 subradiantibus,
873 2736 1102 2820 hypotlrallum

63 2817 103 2875 ita
123 2820 362 2902 obtegentibus,
396 2835 578 2888 attentum
607 2825 736 2889 elineis
765 2825 863 2900 nigris
884 2821 1024 2882 thallum
1045 2817 1103 2880 dc-

63 2905 254 2966 cussantibus
287 2917 343 2965 aut
373 2908 703 2970 circumscribentibus
732 2916 893 2986 appareat.
943 2903 1038 2964 Color
1067 2905 1102 2964 iu

61 2977 207 3068 Europae
233 2993 287 3052 vix
304 2989 538 3067 cinnabariens,
561 3001 702 3052 ceterum
722 3008 796 3047 cum
806 2989 1103 3068 Amor-icanapror-

64 3082 109 3158 sus
128 3074 281 3136 convenit.
323 3073 455 3134 Lamina
477 3074 555 3136 disci
576 3077 608 3134 in
629 3075 705 3157 ipsis
728 3072 840 3132 areolis
872 3074 1035 3146 immersa,
1064 3076 1103 3130 ut

65 3165 95 3205 111
116 3149 307 3216 Urceolariis
329 3157 478 3234 Acharii,
511 3156 564 3218 sed
592 3177 721 3238 prorsus
742 3157 983 3234 immerginata..
1013 3153 1102 3213 Ana-
1124 3179 1131 3192 .

65 3225 142 3309 logia
163 3237 249 3298 adest
267 3239 395 3302 evidens
416 3261 489 3302 cum
511 3235 550 3306 P.
571 3234 777 3301 castanneola.
797 3239 899 3313 nuf.;
920 3235 1025 3297 colore
1043 3253 1102 3295 vc·

64 3327 97 3370 r⁰
115 3323 209 3398 magis
229 3321 269 3382 ad
290 3318 329 3383 P.
353 3341 530 3385 murorum
551 3324 586 3408 β.
604 3322 736 3383 accedit.

71 3426 657 3516 158.PARMEL1Aamannaca
681 3469 727 3528 o,
763 3448 882 3510 crusta
917 3431 1101 3532 cartilagi-

109 3556 173 3608 nea
198 3539 409 3639 inaequabili
434 3541 699 3642 suhgreuulata‘
716 3540 936 3620 latescente,
973 3535 1100 3606 innata
1143 3567 1145 3570 ·

109 3629 322 3734 hypothalto
363 3643 489 3739 nigro,
524 3641 724 3744 apotlreeiis
757 3635 963 3720 sessilibus,
999 3633 1100 3706 diseo

110 3743 306 3838 marginata
338 3747 586 3832 aurantiaco,·
606 3743 771 3840 margine
808 3735 971 3810 thallode
999 3736 1101 3809 tenui

110 3843 287 3916 crenulato
305 3834 549 3919 e'vauescente.
583 3846 762 3919 Fincerlr.
789 3841 887 3934 Esfl·
909 3864 952 3932 P·
980 3837 1040 3936 73·

113 3930 222 4004 Lichen
245 3947 456 4006 aurantiacus.
485 3939 629 4029 Liglztf.
650 3900 683 4004 ἃ
703 3937 806 4005 Auel·
834 3935 996 4020 Optima&
1019 3953 1101 4030 ‘Ilm’

140 4039 172 4085 re
190 4024 250 4090 hoc
270 4020 605 4116 nomer'raptisrimum
629 4036 742 4106 servet,
761 4020 820 4086 sub
842 4041 908 4106 ‘1¹2⁰
925 4037 1048 4106 ⁸0¹¹¹Per
1063 4037 1102 4077 ἃ·
