2462 4598
391 227 625 361 ramora?
972 275 1058 381 aa.
1131 260 1133 264 ·

95 437 138 511 In
162 437 301 536 campis
332 433 443 510 r‘a'stis
473 430 659 510 sterilibus
693 424 854 511 arenosis
888 429 1053 532 (africa.

14 535 65 635 lt)
88 539 243 636 Europae
268 537 520 616 meridionalis
555 562 678 610 versus
707 564 807 612 mare
832 537 1053 612 meditem-¹

10 665 104 711 neum
124 654 163 710 ut
189 641 394 738 Hispaniae!
423 637 574 712 Gallia!
599 638 726 731 Italiae,
753 639 938 714 Vallisioel
974 719 977 728 ,

77 753 246 817 Limitibus
265 777 380 836 geogra
407 759 484 817 hicis
504 756 639 816 delinitis
660 751 693 817 Gt
714 757 828 818 habitu
844 760 976 840 proprio
995 759 1047 817 l'a-

9 841 59 900 cile
79 841 294 919 dignoscitur3
321 863 359 902 ne
382 780 575 902 levissimum
599 841 727 920 quidem
755 844 786 900 in
809 841 859 900 his
881 844 974 900 terris
997 861 1047 900 se-

8 925 117 1004 quentis
136 923 177 981 ad
201 923 280 984 hanc
302 926 471 984 transitum
496 923 646 982 vidimus.
692 924 786 1002 Quod
808 924 848 983 ad
874 923 1047 984 illos'atti-

7 1017 58 1081 net,
77 1006 263 1066 facillimum
286 1017 331 1066 est
355 1006 443 1066 dictu
469 1007 626 1087 sequentis
650 1027 714 1066 esse
732 1015 849 1066 statum
863 1004 1047 1084 australem,

9 1089 52 1148 sed
74 1092 102 1147 in
122 1087 238 1150 eisdem
262 1091 409 1150 tei-riser
430 1095 609 1172 sequentem
640 1092 704 1148 sine
729 1093 866 1148 transitu
888 1091 970 1148 nasci
996 1099 1047 1149 te-

7 1181 116 1230 stantur
135 1181 286 1255 autoptae.
330 1171 465 1233 Thallus
492 1171 620 1233 adultus
649 1175 791 1233 omnium
820 1170 1047 1232 Gladoniarum

7 1257 161 1331 maximus,
183 1251 363 1318 coriaceus!
374 1300 383 1335 ,
402 1254 737 1336 obscurus,'repetito
757 1247 1046 1336 sinuato-pinnati-

6 1337 81 1414 fidus,
99 1335 211 1399 subtus
234 1339 363 1398 librillis
383 1359 506 1420 semper
526 1337 717 1416 destitutus,
747 1338 850 1420 qualis
871 1329 948 1396 casu
972 1348 1047 1398 tau-

7 1430 64 1479 tum
85 1424 116 1480 in
138 1419 252 1480 formis
271 1422 529 1503 microphyllinis
550 1423 726 1502 sequentis,
759 1441 816 1480 nec
847 1423 878 1480 in
907 1422 969 1478 rite
990 1411 1046 1480 ei-

7 1505 127 1583 plicntis,
150 1506 270 1568 evadit.
312 1505 445 1566 Podalia
477 1504 600 1564 edisco
622 1503 809 1566 laciniarum
840 1505 1046 1581 assurgentia,
1139 1543 1141 1549 ·

8 1589 110 1660 brevia,
131 1589 314 1670 scyphilera
330 1587 515 1665 turbinata,
536 1585 662 1668 scyphis
692 1583 944 1666 irregularibus,
967 1605 1046 1666 saepe

9 1671 217 1755 palmatolissis‚
237 1675 291 1732 vix
316 1667 651 1756 uniquam'proliferis
676 1682 731 1731 aut
753 1669 897 1743 foliosis3
919 1671 1046 1740 variant
1123 1682 1133 1702 “

8 1765 129 1814 celerum
158 1755 411 1838 symphycarpea
444 1754 621 1836 cylindrica
650 1749 858 1838 (Sqrplroplt.
880 1747 1044 1812 enclrbioe-

5 1831 58 1920 fol.
79 1835 169 1897 Chev.
191 1857 261 1920 par.
284 1846 307 1896 t.
331 1849 380 1909 13.
404 1839 426 1897 f.
449 1841 510 1915 1.),
532 1834 772 1919 apotheciisque
802 1837 833 1894 in
856 1834 961 1896 thalln
981 1829 1047 1893 se's-

8 1917 112 1980 silihus.
154 1920 225 1982 Huc
248 1941 265 1980 e
288 1941 354 2003 syn.
376 1919 510 1982 Decaud.
533 1920 732 2002 potissimum
758 1918 843 1978 trahi
867 1915 960 1978 debet
974 1913 1045 1977 Pu·

9 1999 64 2062 ult
76 1996 233 2084 foliacea
259 2026 286 2070 a.
314 2005 451 2081 Wallr.,
468 2003 520 2064 sed
535 2002 612 2061 tales
629 2003 746 2064 formas
764 2002 945 2083 epiphyllas
978 2002 1045 2060 sin-

8 2085 74 2164 gula
95 2089 204 2167 speciei
237 2087 304 2149 lere
342 2089 499 2163 vidimus,
530 2089 627 2147 ctiam
652 2081 699 2146 Ol.
725 2082 907 2147 alcrhornr'e
926 2077 959 2143 δί
971 2079 1059 2166 pla-⁴

8 2168 118 2244 reclrae,
148 2163 182 2228 ἃ
209 2173 341 2253 ¹quidum
369 2171 465 2256 hujus
496 2174 528 2232 in
551 2169 660 2228 eodem
683 2170 784 2230 thallo
806 2188 879 2227 curn
898 2161 1046 2250 podetiis‚

4 2261 37 2310 ut
55 2273 109 2312 non
134 2257 289 2334 possimus
329 2254 465 2338 probare
491 2253 570 2320 hanc
606 2253 794 2314 methodum
821 2251 960 2330 singulas
989 2247 1046 2308 has

9 2336 202 2398 mutilationes
226 2337 356 2398 diversae
372 2340 503 2416 originis
529 2333 589 2396 sub
610 2337 716 2396 eadem
739 2337 891 2396 varietate
912 2330 1045 2414 conjuri-
1136 2337 1141 2346 '

10 2435 74 2494 gere.
114 2421 147 2478 ln
169 2419 221 2480 his
244 2443 305 2482 non
330 2424 428 2500 magis
450 2443 536 2481 veras
556 2421 732 2496 varietates,
746 2437 842 2500 quam
865 2437 895 2476 v.
920 2435 946 2474 c.
970 2403 1048 2474 Ilo-¹

9 2499 118 2582 trychio
126 2499 293 2565 Lanario
306 2505 448 2588 capsulas
465 2507 496 2563 in
513 2501 628 2564 fronde
644 2523 722 2584 saepe
734 2491 861 2580 gerenle
870 2491 929 2558 &o
941 2495 1046 2558 vide'o.

10 2583 48 2642 hd
64 2587 192 2646 sormam
217 2585 542 2672 symphycurpeam,
567 2605 665 2667 supra
687 2594 917 2658 memoratam,
947 2599 1046 2663 porro

10 2668 79 2727 trahi
106 2681 211 2750 posset
243 2666 279 2730 P.
294 2663 421 2752 foliae.
445 2666 474 2730 ὀ.
497 2669 615 2732 Wallr.
643 2669 757 2728 exclus.
780 2677 883 2728 tamen
907 2685 974 2746 syn.
997 2661 1045 2722 A·

9 2747 103 2826 charii,
126 2754 165 2813 ad
186 2752 235 2819 Cl.
258 2754 415 2836 pyxidatae
437 2753 608 2833 analogum
641 2761 761 2812 statum
789 2759 873 2812 certe
903 2749 1046 2810 releren-

10 2829 51 2908 do,
69 2834 104 2894 de
122 2858 187 2920 quo
212 2855 289 2896 vero
308 2837 415 2897 eadem
431 2835 610 2936 observatio
629 2836 726 2896 valet.

4 2973 78 3046 ¹191.
105 2933 353 3052 GLADONIA
391 2957 619 3042 alcicornis,
659 2952 778 3026 thalla
814 2917 1047 3034 sublolucm,
1119 2948 1125 2954 ’

49 3059 204 3154 margine
228 3057 315 3156 pilis
341 3053 455 3154 nigris
479 3053 672 3138 librilloso,
689 3054 919 3153 podctiisque
945 3050 1048 3123 laevi-

49 3152 110 3229 bus
138 3157 560 3258 turbinato-cylindricis
589 3155 745 3253 glaucis,
778 3154 927 3256 scyphis
960 3176 1047 3268 cop·

49 3259 266 3358 cavo-planis
311 3259 539 3360 regularibus
585 3258 802 3343 crenulatis,
846 3251 1047 3356 apothecas

49 3361 138 3432 rufis.
165 3365 295 3434 uctred.
321 3365 411 3436 Urit.
440 3389 472 3463 7.
498 3388 534 3434 n.
561 3381 647 3432 210.
945 3383 946 3390 ¹

52 3469 154 3536 Vaut
176 3497 252 3561 par.
274 3485 296 3539 t.
319 3490 373 3550 21.
415 3473 612 3552 ,3.Μίοή.
631 3478 834 3559 gemam·
875 3480 976 3547 ..1,2.
997 3471 1049 3548 (Ρ.

80 3557 112 3616 P.
139 3565 248 3638 auctae)
271 3559 358 3624 Dill.
428 3585 495 3626 nso.
518 3569 540 3622 t.
570 3563 622 3632 14.
634 3551 673 3642 f·
696 3568 746 3630 12.
768 3554 816 3620 A.
867 3553 1047 3616 .Lich.al-

78 3641 215 3704 cicornis.
249 3641 301 3706 Li
326 3639 394 3728 lus.
423 3655 457 3708 et
483 3645 586 3709 Auel.
605 3641 701 3726 plur.
747 3639 934 3720 Baeomyces.
956 3630 1048 3698 Acti.

78 3723 175 3786 metlz.
207 3665 329 3792 Wallll.
354 3723 450 3792 Suco.
472 3751 504 3791 n·
529 3731 620 3799 1649·
666 3725 833 3804 Genomyc.
859 3716 949 3782 Act.
975 3737 1050 3802 eyn.

80 3803 212 3888 capitul.
237 3810 308 3870 dein
331 3811 418 3874 Clad.
440 3810 578 3876 Flb'rle.
602 3803 762 3892 -uClacL
787 3801 888 3890 Mon.
934 3811 1049 3873 ·23·u.

81 3886 165 3950 Lich.
189 3892 294 3956 loliac.
326 3891 446 3956 Hads.
476 3901 522 3944 -'
545 3888 683 3958 Sclret.
703 3888 804 3958 clad.
837 3885 900 3948 Ilo
934 3906 978 3946 m·
1006 3917 1050 3934 -··

80 3968 164 4034 Lich.
190 3975 384 4038 endiviaesol..
413 3975 533 4044 Diels.
565 3985 599 4040 et
625 3972 668 4038 V
661 3971 767 4039 (trior.
790 3966 899 4056 Engl.
924 3963 1002 4029 Bol.
1023 3974 1047 4028 l·

80 4060 169 4127 2361.
188 4053 355 4143 Cenomye.
379 4057 592 4145 damacornis.
618 4053 723 4132 Lich.
748 4053 838 4128 untia
855 4069 893 4142 p.
916 4055 991 4125 530.
1012 4049 1049 4114 G·
1100 4135 1107 4144 ἱ
1220 4081 1224 4176 p

1219 4217 1224 4259 l

1219 4265 1224 4308 l
